"","name","id.x","spkid","full_name","pdes","prefix","neo","pha","H","G","M1","M2","K1","K2","PC","diameter","extent","albedo","rot_per","GM","BV","UB","IR","spec_B","spec_T","H_sigma","diameter_sigma","orbit_id","epoch","epoch_mjd","epoch_cal","equinox","e","a","q","i","om","w","ma","ad","n","tp","tp_cal","per","per_y","moid","moid_ld","moid_jup","t_jup","sigma_e","sigma_a","sigma_q","sigma_i","sigma_om","sigma_w","sigma_ma","sigma_ad","sigma_n","sigma_tp","sigma_per","class","producer","data_arc","first_obs","last_obs","n_obs_used","n_del_obs_used","n_dop_obs_used","condition_code","rms","two_body","A1","A2","A3","DT","id.y","nametype","recclass","mass..g.","fall","year","reclat","reclong","GeoLocation"
"1","Aarhus","a0002676",2002676,"  2676 Aarhus (1933 QV)","2676","","N","N",12.9,NA,NA,NA,NA,NA,NA,"","",NA,NA,NA,NA,NA,NA,"","",NA,NA,"JPL 21",2457400.5,57400,20160113,"J2000",0.127818317651385,2.40318438286187,2.09601339803839,4.55687090225341,289.669514595426,45.7263286123867,32.9617263053964,2.71035536768536,0.26455954458222,2457275.90904503,20150910.409045,1360.75226682331,3.725536664814,1.08688,422.9810896,2.614,3.509,6.4822e-08,1.1356e-08,1.5864e-07,5.6086e-06,7.3195e-05,7.5735e-05,1.8516e-05,1.2808e-08,1.8753e-09,7.0034e-05,9.6454e-06,"MBA","Otto Matic",30096,"1933-08-28","2016-01-21",1362,NA,NA,"0",0.4868,NA,NA,NA,NA,NA,2,"Valid","H6","720","Fell",1951,56.18333,10.23333,"(56.183330, 10.233330)"
"2","Abbott","a0017023",2017023," 17023 Abbott (1999 EG)","17023","","N","N",14.9,NA,NA,NA,NA,NA,NA,"","",NA,NA,NA,NA,NA,NA,"","",NA,NA,"JPL 19",2457400.5,57400,20160113,"J2000",0.122603997150061,2.41658834272059,2.12030495243681,1.85495545594846,287.619303811713,186.714736062704,230.836800755934,2.71287173300438,0.262361472452229,2457892.81008668,20170519.3100867,1372.15268932274,3.75674932052769,1.13667,442.3578639,2.37816,3.505,5.0506e-08,1.4416e-08,1.1954e-07,5.3683e-06,0.00017776,0.00017975,2.7601e-05,1.6183e-08,2.3476e-09,0.0001076,1.2278e-05,"MBA","Otto Matic",8088,"1993-09-14","2015-11-06",941,NA,NA,"0",0.58753,NA,NA,NA,NA,NA,5,"Valid","H3-6","21100","Found",1951,36.3,-104.28333,"(36.300000, -104.283330)"
"3","Acapulco","a0006349",2006349,"  6349 Acapulco (1995 CN1)","6349","","N","N",12.3,NA,NA,NA,NA,NA,NA,"19.24","",0.0757,4.3755,NA,NA,NA,NA,"","",NA,1.2,"JPL 18",2457400.5,57400,20160113,"J2000",0.13958748207776,2.66554977682051,2.2934723951212,10.7920837635726,328.123898699864,236.73229306258,247.529764241428,3.03762715851982,0.226476882572244,2457897.10801792,20170523.6080179,1589.56621051671,4.35199510066176,1.31142,510.3653214,2.01865,3.344,5.3526e-08,2.0435e-08,1.4859e-07,6.2473e-06,2.4774e-05,3.5352e-05,3.1612e-05,2.3288e-08,2.6044e-09,0.00014328,1.828e-05,"MBA","Otto Matic",25195,"1947-03-12","2016-03-04",1384,NA,NA,"0",0.50437,NA,NA,NA,NA,NA,10,"Valid","Acapulcoite","1914","Fell",1976,16.88333,-99.9,"(16.883330, -99.900000)"
"4","Achilles","a0000588",2000588,"   588 Achilles (1906 TG)","588","","N","N",8.67,NA,NA,NA,NA,NA,NA,"135.47","",0.0328,7.306,NA,0.755,0.216,NA,"","DU",NA,4.1,"JPL 59",2457400.5,57400,20160113,"J2000",0.147042468101748,5.20591832480084,4.44042724558601,10.3151818192398,316.562988124046,133.579463062825,138.597022350481,5.97140940401567,0.0829770610508998,2455730.19473014,20110617.6947301,4338.54845472496,11.8782983017795,3.46702,1349.2601734,0.566543,2.946,4.9726e-08,7.1219e-08,2.709e-07,6.1647e-06,3.2019e-05,3.8248e-05,2.0987e-05,8.1691e-08,1.7027e-09,0.00024937,8.9029e-05,"TJN","Otto Matic",40152,"1906-02-22","2016-01-28",1201,NA,NA,"0",0.57434,NA,NA,NA,NA,NA,369,"Valid","H5","16000","Found",1924,39.77667,-100.81333,"(39.776670, -100.813330)"
"5","Adelaide","a0000525",2000525,"   525 Adelaide (1908 EKa)","525","","N","N",12.53,NA,NA,NA,NA,NA,NA,"","",NA,19.967,NA,0.95,0.56,NA,"","SU",NA,NA,"JPL 22",2457400.5,57400,20160113,"J2000",0.102256994602996,2.24534684862369,2.01574442804212,5.99494777774039,203.41085137221,264.210882655796,253.097258701827,2.47494926920525,0.292940161761684,2457765.43030063,20170111.9303006,1228.9199194642,3.36459936882739,1.04268,405.7797756,2.64048,3.617,3.5653e-08,6.9381e-09,7.9266e-08,4.4956e-06,3.9099e-05,4.5137e-05,2.3806e-05,7.6475e-09,1.3578e-09,8.1832e-05,5.696e-06,"MBA","Otto Matic",39129,"1908-10-22","2015-12-09",1741,NA,NA,"0",0.49538,NA,NA,NA,NA,NA,377,"Valid","C2-ung","2031","Found",1972,NA,NA,""
"6","Alamosa","a0002927",2002927,"  2927 Alamosa (1981 TM)","2927","","N","N",12,NA,NA,NA,NA,NA,NA,"","",NA,4.3832,NA,NA,NA,NA,"","",NA,NA,"JPL 20",2457400.5,57400,20160113,"J2000",0.168845401043796,2.53221422933331,2.10466150225272,17.0210470053739,150.489825405706,189.530330768696,228.961282857332,2.95976695641389,0.244598284374824,2457936.23031993,20170701.7303199,1471.80100187593,4.02957153148784,1.09472,426.0321824,2.42483,3.37,5.128e-08,1.521e-08,1.3193e-07,5.2954e-06,1.7318e-05,2.3167e-05,1.832e-05,1.7778e-08,2.2038e-09,7.6755e-05,1.3261e-05,"MBA","Otto Matic",29099,"1936-07-16","2016-03-17",1428,NA,NA,"0",0.45103,NA,NA,NA,NA,NA,450,"Valid","L6","1800","Found",1937,37.46667,-105.86667,"(37.466670, -105.866670)"
"7","Aleppo","a0013128",2013128," 13128 Aleppo (1994 PS28)","13128","","N","N",14.7,NA,NA,NA,NA,NA,NA,"","",NA,NA,NA,NA,NA,NA,"","",NA,NA,"JPL 15",2457400.5,57400,20160113,"J2000",0.174149588881022,2.3821228622504,1.96727714512541,6.02609860012338,134.819875395225,89.7680904916174,22.6314657642897,2.79696857937539,0.268075940329866,2457316.07815395,20151020.5781539,1342.90305783138,3.67666819392575,0.968883,377.06019711,2.20253,3.51,6.6022e-08,1.8259e-08,1.6583e-07,6.8311e-06,4.9562e-05,5.434e-05,2.6036e-05,2.1439e-08,3.0823e-09,9.6703e-05,1.544e-05,"MBA","Otto Matic",12169,"1982-02-20","2015-06-16",907,NA,NA,"0",0.57331,NA,NA,NA,NA,NA,462,"Valid","L6","3200","Fell",1873,36.23333,37.13333,"(36.233330, 37.133330)"
"8","Allen","a0019727",2019727," 19727 Allen (1999 XS2)","19727","","N","N",13.1,NA,NA,NA,NA,NA,NA,"","",NA,NA,NA,NA,NA,NA,"","",NA,NA,"JPL 17",2457400.5,57400,20160113,"J2000",0.187660724041922,2.43384021352688,1.97710399685408,13.3587343956243,253.180300155656,324.870730227163,268.490924988561,2.89057643019969,0.259576863266881,2457753.03170818,20161230.5317082,1386.87244875854,3.79704982548539,0.981341,381.90847697,2.15723,3.445,6.3716e-08,1.8085e-08,1.5846e-07,7.2709e-06,2.5168e-05,3.0267e-05,1.8783e-05,2.1479e-08,2.8932e-09,7.3533e-05,1.5458e-05,"MBA","Otto Matic",11012,"1986-01-10","2016-03-05",1040,NA,NA,"0",0.45365,NA,NA,NA,NA,NA,2277,"Valid","H4","1407","Found",1923,33.1,-96.7,"(33.100000, -96.700000)"
"9","Amber","a0002933",2002933,"  2933 Amber (1983 HN)","2933","","N","N",11.8,NA,NA,NA,NA,NA,NA,"20.62","",0.0869,13.482,NA,NA,NA,NA,"","",NA,1.1,"JPL 20",2457400.5,57400,20160113,"J2000",0.0470722336779222,2.60953219101055,2.48669568192524,7.21739400782445,121.50081875843,220.574941938232,149.30824042564,2.73236870009586,0.233808387068501,2456761.90767961,20140414.4076796,1539.72235347797,4.21553005743454,1.47946,575.7614482,2.46473,3.398,5.2988e-08,1.442e-08,1.3283e-07,4.671e-06,3.5325e-05,5.8154e-05,4.7656e-05,1.5098e-08,1.9379e-09,0.00020205,1.2762e-05,"MBA","Otto Matic",27806,"1940-02-02","2016-03-20",1766,NA,NA,"0",0.45669,NA,NA,NA,NA,NA,2291,"Valid","L6","4532","Found",1934,35.16667,-97.88333,"(35.166670, -97.883330)"
"10","Angelica","a0000965",2000965,"   965 Angelica (1921 KT)","965","","N","N",10.1,NA,NA,NA,NA,NA,NA,"53.63","",0.0739,17.772,NA,NA,NA,NA,"Xc","",NA,1.3,"JPL 17",2457400.5,57400,20160113,"J2000",0.283037854920603,3.15348127394999,2.26092669863889,21.4582762163648,41.4693358397156,46.8216254653754,241.178441177288,4.04603584926108,0.176002440251164,2458075.61313282,20171118.1131328,2045.42618549074,5.60007169196642,1.324,515.26108,1.61919,3.04,4.5369e-08,2.2335e-08,1.455e-07,7.0775e-06,1.3956e-05,1.8785e-05,1.2608e-05,2.8656e-08,1.8698e-09,7.5719e-05,2.173e-05,"MBA","Otto Matic",32052,"1927-12-18","2015-09-19",1158,NA,NA,"0",0.47457,NA,NA,NA,NA,NA,2300,"Valid","Iron, IIIAB","14800","Found",1916,44.25,-88.25,"(44.250000, -88.250000)"
"11","Aomori","a0019701",2019701," 19701 Aomori (1999 SH19)","19701","","N","N",14.1,NA,NA,NA,NA,NA,NA,"","",NA,NA,NA,NA,NA,NA,"","",NA,NA,"JPL 11",2457400.5,57400,20160113,"J2000",0.0447974024166231,2.64456578879781,2.5260961109398,20.97724870997,247.966757454709,148.598029150294,250.04751764208,2.76303546665582,0.229177781360506,2457880.26938124,20170506.7693812,1570.83290475574,4.30070610473852,1.54784,602.3728928,2.49854,3.298,7.9686e-08,2.9383e-08,2.1062e-07,8.8758e-06,2.1025e-05,9.652e-05,9.8871e-05,3.0699e-08,3.8195e-09,0.00043441,2.618e-05,"MBA","Otto Matic",8650,"1991-12-07","2015-08-13",473,NA,NA,"0",0.53749,NA,NA,NA,NA,NA,2313,"Valid","L6","320","Fell",1984,40.81056,140.78556,"(40.810560, 140.785560)"
"12","Arabella","a0000841",2000841,"   841 Arabella (1916 AL)","841","","N","N",12.92,NA,NA,NA,NA,NA,NA,"","",NA,3.39,NA,NA,NA,NA,"","",NA,NA,"JPL 20",2457400.5,57400,20160113,"J2000",0.0694808942241533,2.25528522909245,2.09858599464459,3.79092403239093,354.732982403392,120.421859539305,13.0458615496658,2.41198446354032,0.291005944516431,2457355.66977644,20151129.1697764,1237.08813095972,3.38696271309986,1.11772,434.9830924,2.63484,3.618,3.4851e-08,6.189e-09,7.756e-08,4.6723e-06,5.7041e-05,6.6979e-05,3.3613e-05,6.619e-09,1.1979e-09,0.0001155,5.0923e-06,"MBA","Otto Matic",31133,"1930-12-24","2016-03-20",1783,NA,NA,"0",0.47748,NA,NA,NA,NA,NA,2321,"Valid","Iron","1000","Found",1955,NA,NA,""
"13","Arcadia","a0001020",2001020,"  1020 Arcadia (1924 QV)","1020","","N","N",12.1,NA,NA,NA,NA,NA,NA,"","",NA,17.02,NA,NA,NA,NA,"S","",NA,NA,"JPL 19",2457400.5,57400,20160113,"J2000",0.0439895041000962,2.78899571902442,2.66630918040725,4.06089427220456,180.726941979855,39.1493614333871,207.540447924372,2.9116822576416,0.211608107157807,2458120.98067592,20180102.4806759,1701.2580700962,4.65779074632772,1.65926,645.7342142,2.05257,3.325,3.8475e-08,1.2646e-08,1.0596e-07,4.4451e-06,5.3969e-05,7.2509e-05,5.017e-05,1.3203e-08,1.4393e-09,0.00023797,1.1571e-05,"MBA","Otto Matic",33615,"1924-03-08","2016-03-20",1910,NA,NA,"0",0.52572,NA,NA,NA,NA,NA,2326,"Valid","LL6","19400","Found",1937,41.41667,-99.1,"(41.416670, -99.100000)"
"14","Arlington","a0035978",2035978," 35978 Arlington (1999 NC)","35978","","N","N",14.9,NA,NA,NA,NA,NA,NA,"","",NA,NA,NA,NA,NA,NA,"","",NA,NA,"JPL 14",2457400.5,57400,20160113,"J2000",0.132360564364123,2.30255627210855,1.99778862445211,6.03201431237422,136.710983601074,116.157840125134,293.098006724885,2.60732391976499,0.282090652138514,2457637.66487153,20160906.1648715,1276.18550019598,3.49400547623814,0.990703,385.55188651,2.43987,3.571,4.5001e-08,1.2292e-08,1.0588e-07,5.7456e-06,4.1387e-05,4.6947e-05,2.2338e-05,1.3919e-08,2.2589e-09,7.988e-05,1.0219e-05,"MBA","Otto Matic",9194,"1991-01-15","2016-03-18",1024,NA,NA,"0",0.54417,NA,NA,NA,NA,NA,2333,"Valid","Iron, IIE-an","8940","Found",1894,44.6,-94.1,"(44.600000, -94.100000)"
"15","Ashmore","a0028836",2028836," 28836 Ashmore (2000 JH38)","28836","","N","N",15.3,NA,NA,NA,NA,NA,NA,"","",NA,NA,NA,NA,NA,NA,"","",NA,NA,"JPL 17",2457400.5,57400,20160113,"J2000",0.158739362327428,2.33310919774048,1.96275293145089,2.72125410289939,252.317895341792,104.509661096666,33.6763028400106,2.70346546403006,0.276567710955714,2457278.73487158,20150913.2348716,1301.67038934507,3.56377930005496,0.958786,373.13074762,2.73476,3.551,7.8717e-08,1.1645e-08,1.8857e-07,5.2914e-06,0.00013344,0.00013449,1.5333e-05,1.3494e-08,2.0707e-09,5.562e-05,9.7457e-06,"MBA","Otto Matic",9289,"1990-08-29","2016-02-03",807,NA,NA,"0",0.52008,NA,NA,NA,NA,NA,2349,"Valid","H5","55400","Found",1969,32.9,-102.28333,"(32.900000, -102.283330)"
"16","Assisi","a0015342",2015342," 15342 Assisi (1994 GD10)","15342","","N","N",14.1,NA,NA,NA,NA,NA,NA,"","",NA,NA,NA,NA,NA,NA,"","",NA,NA,"JPL 14",2457400.5,57400,20160113,"J2000",0.128658259301525,3.09248553115844,2.69461172580445,1.85267035359184,65.2761459495086,86.5648116512884,24.3695711538255,3.49035933651244,0.181235203313776,2457266.03621643,20150831.5362164,1986.36905754301,5.43838208772897,1.70623,664.0135291,1.50997,3.211,5.8155e-08,2.9648e-08,1.819e-07,5.947e-06,0.00020392,0.00020524,2.4412e-05,3.3463e-08,2.6063e-09,0.00013421,2.8566e-05,"MBA","Otto Matic",10256,"1988-02-16","2016-03-16",850,NA,NA,"0",0.52685,NA,NA,NA,NA,NA,2353,"Valid","H5","2000","Fell",1886,43.03333,12.55,"(43.033330, 12.550000)"
"17","Attica","a0001138",2001138,"  1138 Attica (1929 WF)","1138","","N","N",11.4,NA,NA,NA,NA,NA,NA,"","",NA,NA,NA,NA,NA,NA,"","",NA,NA,"JPL 19",2457400.5,57400,20160113,"J2000",0.074315160174283,3.14599668597871,2.91220143835244,13.9693599551103,283.51058067,107.114042706143,178.946186774461,3.37979193360498,0.176630900353033,2456387.39195143,20130404.8919514,2038.14847391066,5.58014640358838,1.95679,761.5239643,1.99838,3.159,5.4536e-08,2.2129e-08,1.6975e-07,5.7029e-06,2.6084e-05,4.9287e-05,4.1248e-05,2.3773e-08,1.8636e-09,0.00023134,2.1504e-05,"MBA","Otto Matic",31528,"1929-11-22","2016-03-18",1047,NA,NA,"0",0.55359,NA,NA,NA,NA,NA,4890,"Valid","H4","5622","Found",1996,37.25,-98.13333,"(37.250000, -98.133330)"
"18","Aurora","a0000094",2000094,"    94 Aurora","94","","N","N",7.57,NA,NA,NA,NA,NA,NA,"204.89","",0.0395,7.22,NA,0.663,0.301,NA,"C","CP",NA,3.6,"JPL 80",2457400.5,57400,20160113,"J2000",0.0912967827426492,3.16285079722399,2.87409269514242,7.97258497887751,2.59976986811965,61.1796400346043,97.3653712329191,3.45160889930556,0.175220944134393,2456844.82800705,20140706.3280071,2054.54891125278,5.62504835387482,1.89649,738.0570133,1.87239,3.183,2.4806e-08,1.2219e-08,8.166e-08,3.2568e-06,2.3263e-05,2.9577e-05,1.7993e-05,1.3334e-08,1.0154e-09,0.00010214,1.1906e-05,"MBA","Otto Matic",52466,"1872-07-26","2016-03-19",1944,NA,NA,"0",0.54039,NA,NA,NA,NA,NA,4901,"Valid","H4","1000","Found",1938,36.33333,-105.05,"(36.333330, -105.050000)"
"19","Bali","a0000770",2000770,"   770 Bali (1913 TE)","770","","N","N",10.9,NA,NA,NA,NA,NA,NA,"16.00","",0.2483,5.819,NA,0.9,0.557,NA,"","S",NA,1.1,"JPL 25",2457400.5,57400,20160113,"J2000",0.150516877527023,2.22112727571329,1.88681013358282,4.38473003880742,44.6999248946835,17.9169352388495,300.579221774496,2.55544441784376,0.297744608352244,2457600.0696196,20160730.5696196,1209.08990423802,3.31030774603153,0.899295,349.97863515,2.75281,3.631,3.2716e-08,6.2248e-09,7.3017e-08,4.1081e-06,5.3956e-05,5.6356e-05,1.5105e-05,7.1618e-09,1.2517e-09,5.0975e-05,5.0828e-06,"MBA","Otto Matic",40395,"1905-05-10","2015-12-14",1736,NA,NA,"0",0.5403,NA,NA,NA,NA,NA,4928,"Valid","CV3","1000","Fell",1907,5.38333,16.38333,"(5.383330, 16.383330)"
"20","Benton","a0028601",2028601," 28601 Benton (2000 EK147)","28601","","N","N",15.3,NA,NA,NA,NA,NA,NA,"","",NA,NA,NA,NA,NA,NA,"","",NA,NA,"JPL 18",2457400.5,57400,20160113,"J2000",0.142836569697937,2.22630337281419,1.90830583593446,2.71380323061972,215.841797913418,67.5591100999284,194.768355590953,2.54430090969391,0.296706839495654,2457957.38518906,20170722.8851891,1213.31884567249,3.32188595666664,0.892273,347.24588341,2.57525,3.631,4.8919e-08,1.0882e-08,1.0796e-07,5.5489e-06,0.00012155,0.00012382,2.6663e-05,1.2436e-08,2.1754e-09,9.05e-05,8.8958e-06,"MBA","Otto Matic",13616,"1978-11-29","2016-03-10",909,NA,NA,"0",0.55114,NA,NA,NA,NA,NA,5026,"Valid","LL6","2840","Fell",1949,45.95,-67.55,"(45.950000, -67.550000)"
"21","Billings","a0073703",2073703," 73703 Billings (1991 TL15)","73703","","N","N",14.2,NA,NA,NA,NA,NA,NA,"","",NA,NA,NA,NA,NA,NA,"","",NA,NA,"JPL 13",2457400.5,57400,20160113,"J2000",0.0450761256308426,3.08013320642453,2.94129273505201,10.6661442827127,52.8618473240007,94.5654806610036,71.7951611819875,3.21897367779705,0.182326512790942,2457006.72753058,20141215.2275306,1974.47970944731,5.40583082668669,1.97682,769.3190394,1.82213,3.2,7.532e-08,3.7525e-08,2.355e-07,7.2642e-06,4.2261e-05,0.00011196,9.7459e-05,3.9216e-08,3.3319e-09,0.0005371,3.6082e-05,"MBA","Otto Matic",8597,"1991-10-06","2015-04-20",641,NA,NA,"0",0.54136,NA,NA,NA,NA,NA,5047,"Valid","Iron, IIIAB","24500","Found",1903,37.06667,-93.55,"(37.066670, -93.550000)"
"22","Borodino","a0003544",2003544,"  3544 Borodino (1977 RD4)","3544","","N","N",12.4,NA,NA,NA,NA,NA,NA,"","",NA,5.442,NA,NA,NA,NA,"","",NA,NA,"JPL 21",2457400.5,57400,20160113,"J2000",0.221314234402096,2.40024159900852,1.86903396714388,8.90636074068541,147.63881361426,148.927914916335,131.956945360842,2.93144923087315,0.26504623317498,2456902.63612252,20140902.1361225,1358.25359858003,3.71869568399736,0.857957,333.89112569,2.31413,3.477,5.7969e-08,1.1246e-08,1.3947e-07,5.9639e-06,3.5748e-05,3.7462e-05,1.3516e-05,1.3735e-08,1.8628e-09,4.9563e-05,9.5462e-06,"MBA","Otto Matic",26639,"1943-04-06","2016-03-12",1385,NA,NA,"0",0.48494,NA,NA,NA,NA,NA,5114,"Valid","H5","500","Fell",1812,55.46667,35.86667,"(55.466670, 35.866670)"
"23","Brady","a0007691",2007691,"  7691 Brady (3186 T-3)","7691","","N","N",14.2,NA,NA,NA,NA,NA,NA,"","",NA,NA,NA,NA,NA,NA,"","",NA,NA,"JPL 15",2457400.5,57400,20160113,"J2000",0.194246145369398,2.37075809104607,1.91024747025706,3.28580002032655,54.8065455593981,2.63657753207899,145.65831661202,2.83126871183508,0.270005873626141,2456861.03648887,20140722.5364889,1333.30432840312,3.65038830500513,0.921286,358.53687262,2.52,3.517,4.3027e-08,1.1061e-08,9.9139e-08,4.5301e-06,8.5481e-05,8.657e-05,1.36e-05,1.321e-08,1.8897e-09,4.9324e-05,9.3314e-06,"MBA","Otto Matic",21503,"1957-04-28","2016-03-12",1324,NA,NA,"0",0.44813,NA,NA,NA,NA,NA,5129,"Valid","L6","927","Found",1937,31.05,-99.46667,"(31.050000, -99.466670)"
"24","Brainard","a0099928",2099928," 99928 Brainard (2000 EQ147)","99928","","N","N",14.1,NA,NA,NA,NA,NA,NA,"","",NA,NA,NA,NA,NA,NA,"","",NA,NA,"JPL 13",2457400.5,57400,20160113,"J2000",0.142527560790168,3.10906169883812,2.66593471855659,3.99491143711171,217.753514370466,63.09313744143,252.601612549633,3.55218867911965,0.179787735753417,2457997.86214487,20170901.3621449,2002.36127615372,5.4821663960403,1.65102,642.5274534,1.58244,3.2,5.5531e-08,4.0085e-08,1.8303e-07,6.8293e-06,8.5355e-05,9.0063e-05,3.3713e-05,4.5799e-08,3.477e-09,0.00019562,3.8725e-05,"MBA","Otto Matic",5857,"2000-03-04","2016-03-17",790,NA,NA,"0",0.56115,NA,NA,NA,NA,NA,5131,"Valid","Iron, IIIAB","138300","Found",1978,41.15333,-96.955,"(41.153330, -96.955000)"
"25","Brewster","a0010315",2010315," 10315 Brewster (1990 SC4)","10315","","N","N",13.8,NA,NA,NA,NA,NA,NA,"","",NA,5.1904,NA,NA,NA,NA,"","",NA,NA,"JPL 14",2457400.5,57400,20160113,"J2000",0.280850967826568,2.382646470419,1.71347790321327,22.0055150312668,190.179429860399,246.019420880215,269.047855546878,3.05181503762474,0.26798757700662,2457739.88940554,20161217.3894055,1343.3458521516,3.6778804987039,0.825898,321.41472466,2.62026,3.388,5.3206e-08,1.6097e-08,1.2428e-07,9.9777e-06,1.4796e-05,2.1998e-05,1.9023e-05,2.0618e-08,2.7157e-09,7.3186e-05,1.3613e-05,"MBA","Otto Matic",9071,"1990-09-18","2015-07-20",685,NA,NA,"0",0.5422,NA,NA,NA,NA,NA,5137,"Valid","L6","17000","Found",1940,39.25,-101.33333,"(39.250000, -101.333330)"
"26","Burdett","a0003583",2003583,"  3583 Burdett (1929 TQ)","3583","","N","N",13.1,NA,NA,NA,NA,NA,NA,"","",NA,NA,NA,NA,NA,NA,"","",NA,NA,"JPL 17",2457400.5,57400,20160113,"J2000",0.175551147930114,2.43326932140018,2.00610609880525,2.79794108230867,33.2445476410228,31.0408107883554,227.399594436976,2.86043254399512,0.259668221266972,2457911.15319012,20170606.6531901,1386.38451114075,3.79571392509447,1.01912,396.6109304,2.45918,3.483,5.0486e-08,1.1333e-08,1.199e-07,5.459e-06,9.5294e-05,9.6359e-05,1.5278e-05,1.3323e-08,1.8142e-09,6.0393e-05,9.6859e-06,"MBA","Otto Matic",31365,"1929-09-29","2015-08-14",1277,NA,NA,"0",0.53003,NA,NA,NA,NA,NA,5167,"Valid","H5","8600","Found",1940,38.23333,-99.53333,"(38.233330, -99.533330)"
"27","Burns","a0002708",2002708,"  2708 Burns (1981 WT)","2708","","N","N",12.1,NA,NA,NA,NA,NA,NA,"","",NA,5.315,NA,NA,NA,NA,"B","",NA,NA,"JPL 16",2457400.5,57400,20160113,"J2000",0.176372663457094,3.08463119152914,2.54058657249632,2.78233095958565,111.685761606331,331.627358807644,81.519551127634,3.62867581056197,0.181927857563518,2456952.41276246,20141021.9127625,1978.80635116208,5.41767652611111,1.55652,605.7508884,1.61683,3.201,5.1749e-08,2.402e-08,1.6094e-07,5.7419e-06,0.00013375,0.00013507,1.9037e-05,2.8257e-08,2.125e-09,0.00010419,2.3114e-05,"MBA","Otto Matic",24142,"1950-02-11","2016-03-18",1443,NA,NA,"0",0.49406,NA,NA,NA,NA,NA,57342,"Valid","Iron, IIIAB","18400","Found",2003,39.86667,-106.88333,"(39.866670, -106.883330)"
"28","Butler","a0013543",2013543," 13543 Butler (1992 AO2)","13543","","N","N",13.7,NA,NA,NA,NA,NA,NA,"","",NA,NA,NA,NA,NA,NA,"","",NA,NA,"JPL 14",2457400.5,57400,20160113,"J2000",0.143575083949896,2.43761700978107,2.08763594296405,8.56299960574056,118.056276285921,71.6174363903804,50.3599935230508,2.78759807659808,0.258973822008747,2457206.04021587,20150702.5402159,1390.10189218214,3.8058915597047,1.10754,431.0213418,2.21408,3.474,7.4243e-08,1.4796e-08,1.867e-07,7.5387e-06,3.91e-05,4.7454e-05,2.4566e-05,1.692e-08,2.3579e-09,9.4861e-05,1.2656e-05,"MBA","Otto Matic",8560,"1992-01-02","2015-06-10",1078,NA,NA,"0",0.51168,NA,NA,NA,NA,NA,5182,"Valid","Iron, ungrouped","41000","Found",1874,38.3,-94.36667,"(38.300000, -94.366670)"
"29","California","a0000341",2000341,"   341 California (1892 J)","341","","N","N",10.55,NA,NA,NA,NA,NA,NA,"14.67","",0.495,317,NA,0.92,NA,NA,"","S",NA,0.9,"JPL 60",2457400.5,57400,20160113,"J2000",0.194301041422487,2.19916125970898,1.77186193669154,5.66899970347264,29.0485302421604,293.888864194716,315.18137532996,2.62646058272643,0.302216700162079,2457548.79962952,20160609.2996295,1191.19823559364,3.26132302695042,0.767315,298.61597855,2.69881,3.635,3.3182e-08,7.2854e-09,7.3703e-08,4.5945e-06,3.5987e-05,3.7696e-05,1.3722e-05,8.7009e-09,1.5018e-09,4.5829e-05,5.9193e-06,"MBA","Otto Matic",41417,"1902-10-26","2016-03-18",1735,NA,NA,"0",0.50548,NA,NA,NA,NA,NA,5199,"Valid","Iron, IAB-sLL","","Found",NA,NA,NA,""
"30","Carver","a0007042",2007042,"  7042 Carver (1933 FE1)","7042","","N","N",14.1,NA,NA,NA,NA,NA,NA,"","",NA,NA,NA,NA,NA,NA,"","",NA,NA,"JPL 15",2457400.5,57400,20160113,"J2000",0.220339706774363,2.28885462556136,1.78452906851603,2.20894071291655,261.807451334469,311.938350952738,304.149286693333,2.7931801826067,0.284627435150703,2457596.72392788,20160727.2239279,1264.81131310968,3.46286464917092,0.778615,303.01359955,2.18096,3.566,4.9304e-08,8.0379e-09,1.1542e-07,4.8237e-06,0.00012612,0.00012678,1.3815e-05,9.809e-09,1.4993e-09,4.9026e-05,6.6626e-06,"MBA","Otto Matic",30309,"1933-03-24","2016-03-17",1523,NA,NA,"0",0.52021,NA,NA,NA,NA,NA,5284,"Valid","Iron, IIAB","94000","Found",1935,32,-86,"(32.000000, -86.000000)"
"31","Castalia","a0004769",2004769,"  4769 Castalia (1989 PB)","4769","","Y","Y",16.9,NA,NA,NA,NA,NA,NA,"1.4","",NA,4.095,NA,NA,NA,NA,"","",NA,NA,"JPL 75",2457400.5,57400,20160113,"J2000",0.483128420133119,1.06326583316281,0.549571891005339,8.88625797229949,325.591919019313,121.353345492248,327.225580418717,1.57695977532029,0.898961900671093,2457436.95807409,20160218.4580741,400.461910267001,1.09640495624093,0.0199597,7.767716449,3.67272,5.676,3.676e-08,2.7109e-10,3.9016e-08,7.1615e-06,1.2028e-05,1.2265e-05,3.3287e-06,4.0206e-10,3.438e-10,3.7031e-06,1.5315e-07,"APO","Otto Matic",9761,"1989-08-01","2016-04-22",274,8,7,"0",0.61489,NA,NA,NA,NA,NA,5291,"Valid","H5","7300","Fell",1874,36.08333,-78.06667,"(36.083330, -78.066670)"
"32","Chamberlin","a0009250",2009250,"  9250 Chamberlin (4643 P-L)","9250","","N","N",13.5,NA,NA,NA,NA,NA,NA,"","",NA,NA,NA,NA,NA,NA,"","",NA,NA,"JPL 23",2457400.5,57400,20160113,"J2000",0.204479733154917,3.1213485861202,2.48309606014686,19.3401533502045,181.329207200931,55.8334677288427,110.549795588678,3.75960111209353,0.178727205547608,2456781.9607281,20140504.4607281,2014.24287308127,5.51469643554077,1.52767,594.5233339,1.42201,3.098,5.8657e-08,2.8402e-08,1.7786e-07,6.1071e-06,1.517e-05,2.0542e-05,1.1988e-05,3.4209e-08,2.4394e-09,6.8287e-05,2.7492e-05,"MBA","Otto Matic",20188,"1960-09-24","2016-01-02",969,NA,NA,"0",0.51337,NA,NA,NA,NA,NA,5317,"Valid","H5","2400","Found",1941,36.2,-102.45,"(36.200000, -102.450000)"
"33","Charlotte","a0000543",2000543,"   543 Charlotte (1904 OT)","543","","N","N",9.4,NA,NA,NA,NA,NA,NA,"34.37","",0.2599,10.718,NA,NA,NA,NA,"Xe","",NA,2.6,"JPL 23",2457400.5,57400,20160113,"J2000",0.154602951609911,3.05792062108068,2.58515706727279,8.479183334719,294.981400802673,109.622327986243,254.233351075734,3.53068417488856,0.184316732369532,2457974.33096784,20170808.8309678,1953.15962567221,5.34745961854131,1.60894,626.1511798,1.92242,3.2,4.0411e-08,1.3494e-08,1.2451e-07,4.7725e-06,3.1818e-05,3.5199e-05,1.5475e-05,1.5581e-08,1.2201e-09,8.5616e-05,1.2929e-05,"MBA","Otto Matic",40718,"1904-09-16","2016-03-10",1406,NA,NA,"0",0.54455,NA,NA,NA,NA,NA,5328,"Valid","Iron, IVA","4300","Fell",1835,36.16667,-87.33333,"(36.166670, -87.333330)"
"34","Chelyabinsk","a0021088",2021088," 21088 Chelyabinsk (1992 BL2)","21088","","Y","N",14.3,NA,NA,NA,NA,NA,NA,"","",NA,22.49,NA,NA,NA,NA,"","",NA,NA,"JPL 402",2457400.5,57400,20160113,"J2000",0.238613911252676,1.70648651072281,1.29929508989931,38.4601313993179,297.866977338863,27.1215083702786,53.6430866325658,2.11367793154631,0.442129796566699,2457279.17117971,20150913.6711797,814.240530259514,2.22926907668587,0.3064,119.241688,3.19757,3.92,4.9909e-08,3.5767e-09,8.6543e-08,5.5765e-06,5.9389e-06,1.1253e-05,7.7792e-06,4.4301e-09,1.39e-09,1.7462e-05,2.5599e-06,"AMO","Otto Matic",9516,"1990-01-30","2016-02-19",2586,NA,NA,"0",0.43066,NA,NA,NA,NA,NA,57165,"Valid","LL5","100000","Fell",2013,54.81667,61.11667,"(54.816670, 61.116670)"
"35","Cincinnati","a0001373",2001373,"  1373 Cincinnati (1935 QN)","1373","","N","N",11.6,NA,NA,NA,NA,NA,NA,"","",NA,5.28,NA,NA,NA,NA,"Xk","",NA,NA,"JPL 69",2457400.5,57400,20160113,"J2000",0.314385449701768,3.42158938639099,2.34589146845566,38.9349964476135,297.473012369557,99.2865507824632,271.076137022576,4.49728730432632,0.155726398148571,2457971.52626167,20170806.0262617,2311.74678333304,6.32921775039847,1.63333,635.6430361,1.78091,2.718,4.1816e-08,2.0876e-08,1.431e-07,6.4618e-06,8.5912e-06,1.5925e-05,1.1754e-05,2.744e-08,1.4252e-09,7.8963e-05,2.1157e-05,"OMB","Otto Matic",29412,"1935-09-10","2016-03-20",1345,NA,NA,"0",0.5194,NA,NA,NA,NA,NA,5366,"Valid","Iron, IIAB","1500","Found",1870,39.11667,-84.5,"(39.116670, -84.500000)"
"36","Cleveland","a0006296",2006296,"  6296 Cleveland (1988 NC)","6296","","N","N",14.3,NA,NA,NA,NA,NA,NA,"","",NA,30.84,NA,NA,NA,NA,"","",NA,NA,"JPL 16",2457400.5,57400,20160113,"J2000",0.0620896702488957,1.89111311626271,1.77369452647059,27.0541818793658,111.517522228916,36.9003369511722,348.219554043107,2.00853170605482,0.378990054845086,2457431.58378652,20160213.0837865,949.892999559452,2.60066529653512,0.807126,314.10922542,3.11596,3.823,5.3763e-08,6.7635e-09,1.0175e-07,6.5687e-06,9.5606e-06,4.1293e-05,3.9461e-05,7.1834e-09,2.0332e-09,0.00010412,5.0959e-06,"IMB","Otto Matic",12474,"1982-01-23","2016-03-19",923,NA,NA,"0",0.49922,NA,NA,NA,NA,NA,5379,"Valid","Iron, IIIAB","115000","Found",1860,34.88333,-84.78333,"(34.883330, -84.783330)"
"37","Clifford","a0004276",2004276,"  4276 Clifford (1981 XA)","4276","","N","N",14.6,NA,NA,NA,NA,NA,NA,"","",NA,NA,NA,NA,NA,NA,"Cb","",NA,NA,"JPL 18",2457400.5,57400,20160113,"J2000",0.203615730921107,2.00967082045098,1.60047022743403,21.025992764902,76.9052087021829,3.51617556045119,339.099832905179,2.41887141346793,0.345952667574731,2457460.91337169,20160313.4133717,1040.60478135274,2.84902061972002,0.615666,239.59873722,2.86197,3.725,7.9481e-08,1.0408e-08,1.6257e-07,8.9403e-06,2.08e-05,3.3483e-05,2.9137e-05,1.2527e-08,2.6875e-09,8.4582e-05,8.0839e-06,"MCA","Otto Matic",12582,"1981-10-05","2016-03-17",711,NA,NA,"0",0.48752,NA,NA,NA,NA,NA,5380,"Valid","L6","11360","Found",1962,39.1,-103.25833,"(39.100000, -103.258330)"
"38","Cochabamba","a0012376",2012376," 12376 Cochabamba (1994 NW1)","12376","","N","N",13.4,NA,NA,NA,NA,NA,NA,"","",NA,6.32068,NA,NA,NA,NA,"","",NA,NA,"JPL 20",2457400.5,57400,20160113,"J2000",0.241979579429048,2.56859075598741,1.94704424512823,6.60821543929223,131.936709477663,91.8029371109959,130.221507751331,3.19013726684658,0.239420702641681,2456856.59754581,20140718.0975458,1503.62936883858,4.11671285102966,0.951335,370.23104195,1.82837,3.38,7.5156e-08,1.6832e-08,1.9972e-07,4.9998e-06,5.8173e-05,5.9547e-05,1.4489e-05,2.0905e-08,2.3533e-09,5.7284e-05,1.478e-05,"MBA","Otto Matic",9853,"1989-01-08","2015-12-31",1162,NA,NA,"0",0.5256,NA,NA,NA,NA,NA,5389,"Valid","CM2","85","Found",NA,NA,NA,""
"39","Cook","a0003061",2003061,"  3061 Cook (1982 UB1)","3061","","N","N",11.9,NA,NA,NA,NA,NA,NA,"","",NA,NA,NA,NA,NA,NA,"","",NA,NA,"JPL 17",2457400.5,57400,20160113,"J2000",0.193990231048079,3.08909141040993,2.48983785397587,3.25702374394743,98.0898824707828,243.701306011212,83.9762346277514,3.68834496684399,0.181533981993328,2456937.90763186,20141007.4076319,1983.09978135791,5.42943129735225,1.48179,576.6682143,1.71087,3.194,5.6122e-08,2.0436e-08,1.7607e-07,5.1477e-06,9.8807e-05,9.9639e-05,1.1787e-05,2.44e-08,1.8014e-09,6.4975e-05,1.9679e-05,"MBA","Otto Matic",30101,"1933-10-20","2016-03-19",1678,NA,NA,"0",0.49632,NA,NA,NA,NA,NA,5420,"Valid","Unknown","","Found",NA,NA,NA,""
"40","Copiapo","a0019137",2019137," 19137 Copiapo (1989 CP2)","19137","","N","N",13.8,NA,NA,NA,NA,NA,NA,"","",NA,NA,NA,NA,NA,NA,"","",NA,NA,"JPL 14",2457400.5,57400,20160113,"J2000",0.164903806997556,2.54428583557794,2.12472341520118,8.82695052735924,273.263822070753,338.446597556495,129.622706761912,2.9638482559547,0.242859571082419,2456866.76477934,20140728.2647793,1482.3381199081,4.05842058838631,1.11155,432.5819135,2.10447,3.408,8.4719e-08,1.9779e-08,2.1784e-07,7.812e-06,4.8532e-05,5.2135e-05,2.0015e-05,2.304e-08,2.8319e-09,8.1462e-05,1.7285e-05,"MBA","Otto Matic",9827,"1989-02-04","2016-01-01",823,NA,NA,"0",0.55719,NA,NA,NA,NA,NA,5442,"Valid","Iron, IAB-MG","20000","Found",1863,-27.3,-70.4,"(-27.300000, -70.400000)"
"41","Cotopaxi","a0026027",2026027," 26027 Cotopaxi (4861 P-L)","26027","","N","N",16,NA,NA,NA,NA,NA,NA,"","",NA,7.1,NA,NA,NA,NA,"","",NA,NA,"JPL 10",2457400.5,57400,20160113,"J2000",0.128980290503174,1.98222085305874,1.72655343158977,22.1715513944159,180.947459406952,269.018826195478,223.247559113854,2.2378882745277,0.353163663247879,2457787.72115302,20170203.221153,1019.35741828378,2.79084851001719,0.867578,337.63533026,2.99256,3.759,5.3945e-08,1.1656e-08,1.0821e-07,9.5819e-06,1.504e-05,4.5028e-05,4.6208e-05,1.316e-08,3.1152e-09,0.00013287,8.9915e-06,"IMB","Otto Matic",19990,"1960-09-24","2015-06-18",419,NA,NA,"0",0.58639,NA,NA,NA,NA,NA,30451,"Valid","Iron, IAB-ung","243","Found",2000,38.46483,-105.7015,"(38.464830, -105.701500)"
"42","Cowell","a0001898",2001898,"  1898 Cowell (1971 UF1)","1898","","N","N",12.4,NA,NA,NA,NA,NA,NA,"","",NA,NA,NA,NA,NA,NA,"","",NA,NA,"JPL 19",2457400.5,57400,20160113,"J2000",0.162199942034082,3.12307849792919,2.61651534659719,1.02753191505382,163.311164613704,232.715856346585,17.2340384707777,3.6296416492612,0.178578727298626,2457303.99332907,20151008.4933291,2015.9176036572,5.51928159796633,1.62222,631.3193574,1.79743,3.195,4.4808e-08,1.7878e-08,1.4033e-07,4.5602e-06,0.00026537,0.00026571,1.2783e-05,2.0777e-08,1.5334e-09,7.1661e-05,1.731e-05,"MBA","Otto Matic",23308,"1952-05-24","2016-03-17",1941,NA,NA,"0",0.50956,NA,NA,NA,NA,NA,5457,"Valid","Iron, IIIAB","5717","Found",1932,-33.3,136.01667,"(-33.300000, 136.016670)"
"43","Cowra","a0011304",2011304," 11304 Cowra (1993 DJ)","11304","","N","N",14,NA,NA,NA,NA,NA,NA,"","",NA,95.7,NA,NA,NA,NA,"","",NA,NA,"JPL 11",2457400.5,57400,20160113,"J2000",0.0466453024674085,1.92919765901335,1.83920965068926,23.5688470965151,141.51293863791,75.1443747165125,131.150255162774,2.01918566733745,0.36782308663961,2457043.94202437,20150121.4420244,978.731387659539,2.67962050009456,0.902739,351.31893663,3.03741,3.812,7.867e-08,8.73e-09,1.5297e-07,5.808e-06,1.7857e-05,6.4397e-05,5.9592e-05,9.1372e-09,2.4967e-09,0.00016216,6.6434e-06,"IMB","Otto Matic",8283,"1993-02-19","2015-10-25",781,NA,NA,"0",0.50515,NA,NA,NA,NA,NA,5458,"Valid","Iron, ungrouped","5560","Found",1888,-33.85,148.68333,"(-33.850000, 148.683330)"
"44","Credo","a0021423",2021423," 21423 Credo (1998 FJ79)","21423","","N","N",15,NA,NA,NA,NA,NA,NA,"","",NA,NA,NA,NA,NA,NA,"","",NA,NA,"JPL 20",2457400.5,57400,20160113,"J2000",0.0555799866847215,2.41549333079919,2.28124024363633,7.3017020897157,154.526823597819,149.855679749914,166.80622724983,2.54974641796204,0.262539896561081,2456765.14427146,20140417.6442715,1371.22016392752,3.75419620514037,1.26783,493.4014011,2.57662,3.504,4.7198e-08,1.3464e-08,1.146e-07,5.6612e-06,3.6895e-05,6.2752e-05,5.1144e-05,1.4213e-08,2.1952e-09,0.00019445,1.1465e-05,"MBA","Otto Matic",8036,"1994-03-10","2016-03-10",915,NA,NA,"0",0.55085,NA,NA,NA,NA,NA,5468,"Valid","L6","10820","Found",1967,-30.36667,120.73333,"(-30.366670, 120.733330)"
"45","Cuba","a0011094",2011094," 11094 Cuba (1994 PG17)","11094","","N","N",13.4,NA,NA,NA,NA,NA,NA,"","",NA,10,NA,NA,NA,NA,"","",NA,NA,"JPL 16",2457400.5,57400,20160113,"J2000",0.196775541156944,3.06866343677405,2.46482552837431,2.17367436702508,260.915172490176,33.2469853574056,15.9032118470247,3.67250134517379,0.183349692447845,2457313.76294779,20151018.2629478,1963.46116098561,5.37566368510776,1.44733,563.2574161,1.52578,3.2,4.9764e-08,2.8541e-08,1.6365e-07,4.737e-06,0.00015071,0.0001514,1.5174e-05,3.4157e-08,2.558e-09,8.2232e-05,2.7393e-05,"MBA","Otto Matic",7668,"1994-08-10","2015-08-08",1116,NA,NA,"0",0.50121,NA,NA,NA,NA,NA,5479,"Valid","Iron, IAB?","1500","Found",1871,22,-80,"(22.000000, -80.000000)"
"46","Culbertson","a0026990",2026990," 26990 Culbertson (1997 WZ7)","26990","","N","N",13.4,NA,NA,NA,NA,NA,NA,"","",NA,NA,NA,NA,NA,NA,"","",NA,NA,"JPL 15",2457400.5,57400,20160113,"J2000",0.120870019724921,2.97676483806345,2.61696321337027,11.2477821252323,69.5389593314312,256.765345912337,278.836713905322,3.33656646275663,0.191905438790698,2457823.43374594,20170310.9337459,1875.92390433829,5.13599973809252,1.63185,635.0670645,2.00389,3.221,6.3296e-08,3.0383e-08,1.8972e-07,6.5543e-06,3.5509e-05,4.7838e-05,3.763e-05,3.4055e-08,2.938e-09,0.00019998,2.872e-05,"MBA","Otto Matic",6441,"1997-11-23","2015-07-13",970,NA,NA,"0",0.61937,NA,NA,NA,NA,NA,5494,"Valid","H4","5900","Found",1913,40.23333,-100.83333,"(40.233330, -100.833330)"
"47","Dalton","a0012292",2012292," 12292 Dalton (1991 LK2)","12292","","N","N",13.4,NA,NA,NA,NA,NA,NA,"","",NA,6.1878,NA,NA,NA,NA,"","",NA,NA,"JPL 16",2457400.5,57400,20160113,"J2000",0.0945617848049571,3.14386308774214,2.84657378298282,6.20280862364668,71.5358083032052,117.093169871923,197.369634395666,3.44115239250146,0.176810738007762,2458320.29914476,20180720.7991448,2036.07543329295,5.57447072770144,1.85351,721.3304867,1.54276,3.194,5.884e-08,2.7634e-08,1.8259e-07,5.3317e-06,5.5127e-05,6.082e-05,2.7418e-05,3.0247e-08,2.3312e-09,0.00016009,2.6845e-05,"MBA","Otto Matic",20993,"1958-07-12","2016-01-02",1088,NA,NA,"0",0.58959,NA,NA,NA,NA,NA,5509,"Valid","Iron, IIIAB","53000","Found",1879,34.8,-84.98333,"(34.800000, -84.983330)"
"48","Darmstadt","a0241418",2241418,"241418 Darmstadt (2008 UX201)","241418","","N","N",16.2,NA,NA,NA,NA,NA,NA,"","",NA,NA,NA,NA,NA,NA,"","",NA,NA,"JPL 5",2457400.5,57400,20160113,"J2000",0.169292812902183,3.07631193118252,2.55551443098808,12.8527076340604,225.646848928236,153.987490851972,136.958311043129,3.59710943137696,0.1826663366383,2456650.72686958,20131224.2268696,1970.80648041265,5.39577407368281,1.56435,608.7980895,1.88687,3.169,1.1676e-07,5.2233e-08,3.4915e-07,1.3107e-05,4.7355e-05,6.5476e-05,3.7e-05,6.1075e-08,4.6522e-09,0.0002007,5.0194e-05,"MBA","Otto Matic",4087,"2002-08-03","2013-10-11",145,NA,NA,"0",0.6199,NA,NA,NA,NA,NA,6603,"Valid","H5","100","Fell",1804,49.86667,8.65,"(49.866670, 8.650000)"
"49","Deming","a0032569",2032569," 32569 Deming (2001 QW71)","32569","","N","N",12.6,NA,NA,NA,NA,NA,NA,"","",NA,NA,NA,NA,NA,NA,"","",NA,NA,"JPL 12",2457400.5,57400,20160113,"J2000",0.131727884330549,2.86383649243953,2.48658937022185,15.0235831445316,9.64113967206567,99.4584451347635,262.062236863468,3.24108361465721,0.203367591710922,2457882.07999174,20170508.5799917,1770.19355429907,4.84652581601389,1.55522,605.2449674,1.97169,3.237,6.2526e-08,2.6052e-08,1.7258e-07,8.9114e-06,2.1356e-05,4.7422e-05,4.1552e-05,2.9484e-08,2.775e-09,0.00020806,2.4155e-05,"MBA","Otto Matic",24027,"1950-03-17","2015-12-28",1020,NA,NA,"0",0.48439,NA,NA,NA,NA,NA,55792,"Valid","H5","784","Found",2009,32.22548,-107.90459,"(32.225480, -107.904590)"
"50","Dix","a0006776",2006776,"  6776 Dix (1989 GF8)","6776","","N","N",13.3,NA,NA,NA,NA,NA,NA,"","",NA,NA,NA,NA,NA,NA,"","",NA,NA,"JPL 19",2457400.5,57400,20160113,"J2000",0.154771418779558,2.58005375620279,2.18073517582776,4.69592236617957,72.1735238003962,82.2292559356679,194.716760013924,2.97937233657783,0.237826881825862,2458095.47290936,20171207.9729094,1513.70609258374,4.14430141706704,1.19695,465.8170315,2.02914,3.403,4.4269e-08,1.6894e-08,1.1135e-07,6.2833e-06,6.0006e-05,6.4184e-05,2.3928e-05,1.9508e-08,2.3358e-09,0.00010372,1.4867e-05,"MBA","Otto Matic",22243,"1954-12-21","2015-11-14",1071,NA,NA,"0",0.4594,NA,NA,NA,NA,NA,7651,"Valid","L6","44000","Found",1927,41.23333,-103.48333,"(41.233330, -103.483330)"
"51","Dolores","a0001277",2001277,"  1277 Dolores (1933 HA)","1277","","N","N",11.05,NA,NA,NA,NA,NA,NA,"27.64","",0.0879,17.19,NA,0.73,0.378,NA,"Cb","C",NA,2.2,"JPL 19",2457400.5,57400,20160113,"J2000",0.238732308295323,2.69867791310765,2.05441630556586,6.96464449756249,247.162328568717,47.035127081721,181.964996923275,3.34293952064944,0.22231946666501,2458201.30708067,20180323.8070807,1619.29139809626,4.43337822887409,1.0441,406.332397,1.87536,3.316,4.0421e-08,1.2817e-08,1.0815e-07,4.9503e-06,3.7579e-05,3.8713e-05,1.1924e-05,1.5876e-08,1.5838e-09,5.6766e-05,1.1536e-05,"MBA","Otto Matic",30218,"1933-06-17","2016-03-11",1901,NA,NA,"0",0.48729,NA,NA,NA,NA,NA,7660,"Valid","Iron, IIIAB","4333","Found",2001,-19.65,-69.95,"(-19.650000, -69.950000)"
"52","Dumont","a0009554",2009554,"  9554 Dumont (1985 XA)","9554","","N","N",14.6,NA,NA,NA,NA,NA,NA,"","",NA,28.7,NA,NA,NA,NA,"","",NA,NA,"JPL 11",2457400.5,57400,20160113,"J2000",0.0504365438700473,1.90486310835039,1.80878839661964,24.8715028778842,80.9955624902763,37.589639309876,121.117029572587,2.00093782008113,0.374893937674308,2457077.42987962,20150223.9298796,960.271596370152,2.62908034598262,0.839652,326.76736884,3.19404,3.828,7.036e-08,1.0832e-08,1.3513e-07,1.0735e-05,1.6488e-05,0.00011596,0.00011307,1.1378e-08,3.1977e-09,0.00030096,8.1908e-06,"IMB","Otto Matic",10679,"1985-12-13","2015-03-10",522,NA,NA,"0",0.54509,NA,NA,NA,NA,NA,47341,"Valid","Iron, IVB","27420","Found",1994,33.81667,-100.51667,"(33.816670, -100.516670)"
"53","Edmond","a0012533",2012533," 12533 Edmond (1998 LA)","12533","","N","N",14.4,NA,NA,NA,NA,NA,NA,"","",NA,NA,NA,NA,NA,NA,"","",NA,NA,"JPL 21",2457400.5,57400,20160113,"J2000",0.214228805041257,2.57428660864136,2.02280026463841,5.03997464286302,119.377103390778,129.199802801241,99.0297491303386,3.12577295264431,0.238626530910781,2456985.50109459,20141124.0010946,1508.63359001183,4.13041366190782,1.01226,393.9412242,1.92123,3.39,4.4771e-08,1.4133e-08,1.1665e-07,5.3554e-06,7.2934e-05,7.496e-05,2.0201e-05,1.716e-08,1.9651e-09,8.2887e-05,1.2423e-05,"MBA","Otto Matic",7817,"1994-07-08","2015-12-02",1045,NA,NA,"0",0.53452,NA,NA,NA,NA,NA,7767,"Valid","H6","4000","Found",1983,39.76667,-99.91667,"(39.766670, -99.916670)"
"54","Elba","a0002567",2002567,"  2567 Elba (1979 KA)","2567","","N","N",11.8,NA,NA,NA,NA,NA,NA,"","",NA,9.7785,NA,NA,NA,NA,"Xc","",NA,NA,"JPL 18",2457400.5,57400,20160113,"J2000",0.141715113793065,2.73643282188898,2.3486389331479,8.91414372534849,142.625058245559,191.800591339012,333.342670662604,3.12422671063005,0.217734319098849,2457522.93053575,20160514.4305357,1653.39116722598,4.52673830862692,1.33708,520.3514236,2.22823,3.32,5.2628e-08,1.7338e-08,1.4846e-07,5.413e-06,3.2298e-05,3.8131e-05,2.2928e-05,1.9796e-08,2.0694e-09,0.00010592,1.5714e-05,"MBA","Otto Matic",13267,"1979-05-19","2015-09-14",1438,NA,NA,"0",0.47881,NA,NA,NA,NA,NA,7821,"Valid","H5","4175","Found",1966,39.83333,-103.21667,"(39.833330, -103.216670)"
"55","Ellicott","a0002196",2002196,"  2196 Ellicott (1965 BC)","2196","","N","N",10.25,NA,NA,NA,NA,NA,NA,"59.21","",0.04,9.0706,NA,0.671,0.248,NA,"","CFXU",NA,1.9,"JPL 25",2457400.5,57400,20160113,"J2000",0.0534785836189157,3.43660738097904,3.25282248578997,10.3085571688158,212.22480007031,310.124892990727,317.680564015615,3.62039227616811,0.154706726252538,2457674.04619291,20161012.5461929,2326.98350433936,6.37093361899892,2.27024,883.5093008,1.40215,3.111,4.4701e-08,2.8037e-08,1.633e-07,5.5821e-06,2.855e-05,6.2645e-05,5.6593e-05,2.9536e-08,1.8932e-09,0.00036595,2.8477e-05,"OMB","Otto Matic",39918,"1906-11-26","2016-03-11",1585,NA,NA,"0",0.51958,NA,NA,NA,NA,NA,10021,"Valid","Iron, IAB-ung","15700","Found",1960,38.80778,-104.56944,"(38.807780, -104.569440)"
"56","Etter","a0020804",2020804," 20804 Etter (2000 SW209)","20804","","N","N",14.4,NA,NA,NA,NA,NA,NA,"","",NA,NA,NA,NA,NA,NA,"","",NA,NA,"JPL 21",2457400.5,57400,20160113,"J2000",0.178687989894498,2.41930354200863,1.98700305514247,10.9248383000147,150.351112499771,183.329850042985,49.3396534797928,2.85160402887479,0.261919921550758,2457212.12313585,20150708.6231359,1374.46589731906,3.76308253886121,0.974834,379.37614778,2.51175,3.468,6.1529e-08,1.4318e-08,1.4911e-07,6.8286e-06,2.7641e-05,3.2146e-05,1.4586e-05,1.6877e-08,2.3252e-09,5.5852e-05,1.2202e-05,"MBA","Otto Matic",12597,"1981-09-03","2016-02-29",921,NA,NA,"0",0.52788,NA,NA,NA,NA,NA,10062,"Valid","L5","450000","Found",1965,35.98333,-101.9,"(35.983330, -101.900000)"
"57","Eva","a0000164",2000164,"   164 Eva","164","","N","N",8.89,NA,NA,NA,NA,NA,NA,"104.87","",0.0447,13.66,NA,0.684,0.326,NA,"X","CX",NA,1.9,"JPL 63",2457400.5,57400,20160113,"J2000",0.345280988240128,2.63480650246492,1.72505790947232,24.4444987628692,76.9236227473807,283.858982545973,173.488744649588,3.54455509545752,0.23045226664342,2456647.68143511,20131221.1814351,1562.14562452983,4.27692162773396,0.884175,344.09438475,2.44251,3.191,3.9673e-08,1.1946e-08,1.0679e-07,4.7058e-06,1.1787e-05,1.2893e-05,8.112e-06,1.607e-08,1.5672e-09,3.3269e-05,1.0624e-05,"MBA","Otto Matic",43416,"1897-05-07","2016-03-20",1310,NA,NA,"0",0.50216,NA,NA,NA,NA,NA,10066,"Valid","H5","6700","Found",1965,36.81667,-101.90833,"(36.816670, -101.908330)"
"58","Felix","a0001664",2001664,"  1664 Felix (1929 CD)","1664","","N","N",12.5,NA,NA,NA,NA,NA,NA,"","",NA,3.3454,NA,NA,NA,NA,"S","",NA,NA,"JPL 19",2457400.5,57400,20160113,"J2000",0.224524820885084,2.33825564291587,1.81325921350664,6.11888280972492,44.0706086955639,107.583665430733,106.22355610146,2.86325207232509,0.27565513510427,2457015.15054492,20141223.6505449,1305.97966137589,3.5755774438765,0.834915,324.92387055,2.15983,3.524,4.4348e-08,6.8185e-09,1.0256e-07,5.8043e-06,4.157e-05,4.3244e-05,1.1427e-05,8.3494e-09,1.2057e-09,4.101e-05,5.7125e-06,"MBA","Otto Matic",31813,"1929-02-04","2016-03-12",1404,NA,NA,"0",0.4993,NA,NA,NA,NA,NA,10081,"Valid","CO3.3","3200","Fell",1900,32.53333,-87.16667,"(32.533330, -87.166670)"
"59","Ferguson","a0001745",2001745,"  1745 Ferguson (1941 SY1)","1745","","N","N",11.9,NA,NA,NA,NA,NA,NA,"","",NA,NA,NA,NA,NA,NA,"","",NA,NA,"JPL 23",2457400.5,57400,20160113,"J2000",0.0566007308941393,2.84630945089296,2.68520625562153,3.2554961544902,78.6645837797713,339.473036367607,131.031822062116,3.0074126461644,0.20524892995731,2456762.09558986,20140414.5955899,1753.96773115883,4.80210193335749,1.69654,660.2424718,2.19376,3.303,4.7689e-08,1.5964e-08,1.3217e-07,4.8734e-06,9.998e-05,0.00011212,4.7941e-05,1.6867e-08,1.7267e-09,0.00023448,1.4756e-05,"MBA","Otto Matic",27212,"1941-09-17","2016-03-19",1690,NA,NA,"0",0.47795,NA,NA,NA,NA,NA,10088,"Valid","OC","220","Fell",1889,36.1,-81.41667,"(36.100000, -81.416670)"
"60","Fisher","a0021451",2021451," 21451 Fisher (1998 HS23)","21451","","N","N",15.1,NA,NA,NA,NA,NA,NA,"","",NA,NA,NA,NA,NA,NA,"","",NA,NA,"JPL 17",2457400.5,57400,20160113,"J2000",0.0717279645916852,2.27892856011885,2.11546565305166,0.69605292500265,108.922794120042,320.702963473857,212.220541994543,2.44239146718603,0.28648903674962,2457916.32936535,20170611.8293653,1256.59258757125,3.44036300498631,1.12881,439.2989877,2.72576,3.603,5.465e-08,1.2197e-08,1.2107e-07,4.118e-06,0.00048262,0.00048368,3.7576e-05,1.3072e-08,2.3e-09,0.00013118,1.0088e-05,"MBA","Otto Matic",8280,"1992-09-22","2015-05-25",1115,NA,NA,"0",0.53476,NA,NA,NA,NA,NA,10107,"Valid","L6","17600","Fell",1894,47.81667,-96.85,"(47.816670, -96.850000)"
"61","Fleming","a0091006",2091006," 91006 Fleming (1998 BT25)","91006","","N","N",15.6,NA,NA,NA,NA,NA,NA,"","",NA,NA,NA,NA,NA,NA,"","",NA,NA,"JPL 11",2457400.5,57400,20160113,"J2000",0.11917407229173,2.54142755070061,2.23855528004922,15.4770959783699,18.7266019139962,26.3196697765463,229.959112785958,2.844299821352,0.243269394084962,2457935.05506684,20170630.5550668,1479.84090376067,4.05158358319143,1.2526,487.474342,2.62877,3.385,1.2313e-07,3.2066e-08,3.0684e-07,1.0615e-05,3.9464e-05,6.4254e-05,6.0619e-05,3.5888e-08,4.6042e-09,0.00025421,2.8008e-05,"MBA","Otto Matic",6405,"1998-01-28","2015-08-12",214,NA,NA,"0",0.65698,NA,NA,NA,NA,NA,10110,"Valid","H3.7","1750","Found",1940,40.68333,-102.81667,"(40.683330, -102.816670)"
"62","Florence","a0003122",2003122,"  3122 Florence (1981 ET3)","3122","","Y","Y",14.1,NA,NA,NA,NA,NA,NA,"4.9","",NA,2.3581,NA,NA,NA,NA,"S","",NA,NA,"JPL 346",2457400.5,57400,20160113,"J2000",0.422736026571256,1.76862821057655,1.02096534835559,22.1621753961156,336.121155532151,27.7229736476445,100.145813979732,2.51629107279751,0.419033989706666,2457161.50789807,20150519.0078981,859.118851556669,2.35213922397445,0.0433248,16.860712416,2.98925,3.921,6.6803e-08,4.6647e-09,1.1832e-07,6.8597e-06,9.6278e-06,1.1569e-05,1.1004e-05,6.6366e-09,1.6578e-09,2.5698e-05,3.3988e-06,"AMO","Otto Matic",13558,"1979-03-09","2016-04-21",1919,NA,NA,"0",0.49218,NA,NA,NA,NA,NA,10111,"Valid","H3","3640","Fell",1922,30.83333,-97.76667,"(30.833330, -97.766670)"
"63","Florey","a0008430",2008430,"  8430 Florey (1997 YB5)","8430","","N","N",13.8,NA,NA,NA,NA,NA,NA,"","",NA,NA,NA,NA,NA,NA,"","",NA,NA,"JPL 14",2457400.5,57400,20160113,"J2000",0.101853114128699,2.80786926476274,2.52187903608039,3.66906864264236,78.6033539908363,110.40415325599,208.20699177483,3.09385949344508,0.209478159424681,2458125.12450807,20180106.6245081,1718.55624943774,4.70515058025391,1.52503,593.4959251,1.8685,3.312,5.8376e-08,2.0206e-08,1.6304e-07,5.0435e-06,9.1747e-05,9.442e-05,2.5467e-05,2.2264e-08,2.2612e-09,0.00012393,1.8551e-05,"MBA","Otto Matic",13587,"1978-11-29","2016-02-10",1174,NA,NA,"0",0.53078,NA,NA,NA,NA,NA,10112,"Valid","H6","110800","Found",1978,32.5225,-102.705,"(32.522500, -102.705000)"
"64","Fortuna","a0000019",2000019,"    19 Fortuna","19","","N","N",7.13,0.1,NA,NA,NA,NA,NA,"200","",0.037,7.4432,NA,0.719,0.324,NA,"Ch","G",NA,NA,"JPL 113",2457400.5,57400,20160113,"J2000",0.158825424497341,2.44159505241979,2.05380768176861,1.57369304708549,211.153096284894,182.20348133921,247.226729615934,2.82938242307097,0.258341168469537,2457837.02845209,20170324.5284521,1393.50612266991,3.81521183482523,1.0585,411.936445,2.59818,3.483,2.3269e-08,3.1644e-09,5.7172e-08,2.6872e-06,0.00010294,0.00010325,1.0047e-05,3.667e-09,5.0223e-10,3.9274e-05,2.7091e-06,"MBA","Otto Matic",59714,"1852-09-14","2016-03-12",2593,NA,NA,"0",0.54693,NA,NA,NA,NA,NA,10169,"Valid","Winonaite","312","Found",1998,-35.13333,-65.36667,"(-35.133330, -65.366670)"
"65","Freda","a0001093",2001093,"  1093 Freda (1925 LA)","1093","","N","N",8.83,NA,NA,NA,NA,NA,NA,"116.73","",0.0381,19.67,NA,0.679,0.356,NA,"","C",NA,2.9,"JPL 21",2457400.5,57400,20160113,"J2000",0.270784713168955,3.13083010347974,2.28304917192825,25.2102236101222,55.629054342759,251.5216548339,68.8171023348372,3.97861103503123,0.177915924802344,2457013.70436936,20141222.2043694,2023.42764089242,5.53984295932217,1.39482,542.8220994,1.70983,3.013,3.8987e-08,1.6108e-08,1.2048e-07,5.3903e-06,1.0847e-05,1.4148e-05,1.095e-05,2.047e-08,1.373e-09,6.0246e-05,1.5615e-05,"MBA","Otto Matic",31804,"1929-02-02","2016-03-01",1600,NA,NA,"0",0.50245,NA,NA,NA,NA,NA,10180,"Valid","Iron, IAB-sLH","268","Found",1919,46.38333,-101.23333,"(46.383330, -101.233330)"
"66","Fujian","a0002184",2002184,"  2184 Fujian (1964 TV2)","2184","","N","N",11.6,NA,NA,NA,NA,NA,NA,"26.28","",0.0642,NA,NA,NA,NA,NA,"","",NA,2.4,"JPL 35",2457400.5,57400,20160113,"J2000",0.0999300152456283,3.17676820797043,2.85931371251612,5.19331774924812,256.58187872337,120.285048724613,31.6953441852397,3.49422270342474,0.174070742653123,2457218.41687849,20150714.9168785,2068.12468605011,5.66221679958963,1.86406,725.4362302,1.98914,3.186,4.4596e-08,1.957e-08,1.5064e-07,4.9671e-06,4.0162e-05,4.7653e-05,2.4002e-05,2.1526e-08,1.6085e-09,0.00013767,1.9111e-05,"MBA","Otto Matic",31200,"1930-10-15","2016-03-17",1554,NA,NA,"0",0.53436,NA,NA,NA,NA,NA,10834,"Valid","Iron","","Found",NA,26,119,"(26.000000, 119.000000)"
"67","Garrison","a0019533",2019533," 19533 Garrison (1999 GM35)","19533","","N","N",15,NA,NA,NA,NA,NA,NA,"","",NA,7.2592,NA,NA,NA,NA,"","",NA,NA,"JPL 14",2457400.5,57400,20160113,"J2000",0.167565583253095,2.20682357125235,1.83703589239877,2.96207489890061,230.134239600063,58.9809174995588,329.034091586944,2.57661125010593,0.300644077427986,2457503.49856454,20160424.9985645,1197.42920958166,3.27838250398811,0.821189,319.58212313,2.57445,3.64,4.2436e-08,1.3838e-08,9.6083e-08,4.7021e-06,9.6871e-05,9.8707e-05,2.2458e-05,1.6157e-08,2.8279e-09,7.5407e-05,1.1263e-05,"MBA","Otto Matic",11599,"1983-07-14","2015-04-16",957,NA,NA,"0",0.52652,NA,NA,NA,NA,NA,10864,"Valid","H5","5116","Found",1969,33.86333,-103.34667,"(33.863330, -103.346670)"
"68","Genichesk","a0002093",2002093,"  2093 Genichesk (1971 HX)","2093","","N","N",12.9,NA,NA,NA,NA,NA,NA,"","",NA,11.028,NA,NA,NA,NA,"","",NA,NA,"JPL 19",2457400.5,57400,20160113,"J2000",0.167793576345317,2.26923795958033,1.8884744067638,6.09156258646899,154.863463495823,118.208234796574,2.66013688332101,2.65000151239687,0.288326137593694,2457391.27386148,20160103.7738615,1248.58607341145,3.41844236389172,0.879958,342.45325486,2.46782,3.588,3.906e-08,8.9861e-09,9.1146e-08,4.2868e-06,4.1945e-05,4.4403e-05,1.5223e-05,1.0494e-08,1.7126e-09,5.2775e-05,7.4165e-06,"MBA","Otto Matic",23803,"1950-04-17","2015-06-18",1492,NA,NA,"0",0.54704,NA,NA,NA,NA,NA,10871,"Valid","L5/6","531","Found",1927,46.7,32.6,"(46.700000, 32.600000)"
"69","Gibson","a0002742",2002742,"  2742 Gibson (1981 JG3)","2742","","N","N",11.9,NA,NA,NA,NA,NA,NA,"","",NA,NA,NA,NA,NA,NA,"","",NA,NA,"JPL 20",2457400.5,57400,20160113,"J2000",0.0673827507568733,2.90855627622862,2.71256975360517,3.16224695451718,122.777789017827,287.753546185293,170.485152093794,3.10454279885207,0.198695424833349,2456542.47746507,20130906.9774651,1811.81826557879,4.96048806455522,1.72394,670.9057298,2.15489,3.279,4.818e-08,1.8921e-08,1.3823e-07,5.1023e-06,9.4383e-05,0.00010266,3.9676e-05,2.0196e-08,1.9389e-09,0.00019881,1.768e-05,"MBA","Otto Matic",22807,"1953-10-08","2016-03-18",1614,NA,NA,"0",0.48701,NA,NA,NA,NA,NA,10913,"Valid","Lodranite","67.1","Found",1991,-33.68333,121.8,"(-33.683330, 121.800000)"
"70","Gibson","dJ73W010",1001155,"     C/1973 W1 (Gibson)","1973 W1","C","","",NA,NA,NA,NA,NA,NA,NA,"","",NA,NA,NA,NA,NA,NA,"","",NA,NA,"SAO_2008",2441920.5,41920,19730826,"J2000",1.000643,-5975.2255054,3.84207,108.0665,244.6006,221.2562,3.44e-05,NA,2.1e-06,2441904.381,19730809.881,NA,NA,NA,NA,NA,NA,NA,NA,NA,NA,NA,NA,NA,NA,NA,NA,NA,"HYP","Marsden",315,"1973-11-30","1974-10-11",22,NA,NA,"",NA,FALSE,NA,NA,NA,NA,10913,"Valid","Lodranite","67.1","Found",1991,-33.68333,121.8,"(-33.683330, 121.800000)"
"71","Gifu","a0006720",2006720,"  6720 Gifu (1990 VP2)","6720","","N","N",12.1,NA,NA,NA,NA,NA,NA,"","",NA,4.231,NA,NA,NA,NA,"","",NA,NA,"JPL 18",2457400.5,57400,20160113,"J2000",0.151139196778556,3.09134542446492,2.62412196004622,14.8577673608839,50.4050622821923,10.9667286087683,214.841645607922,3.55856888888361,0.181335473498866,2458200.99618308,20180323.4961831,1985.27068672116,5.43537491230982,1.63695,637.0518315,1.83374,3.156,6.8798e-08,2.7964e-08,2.1116e-07,8.364e-06,2.1378e-05,3.0716e-05,2.5038e-05,3.219e-08,2.4605e-09,0.00014537,2.6938e-05,"MBA","Otto Matic",26934,"1941-11-16","2015-08-14",1091,NA,NA,"0",0.4921,NA,NA,NA,NA,NA,10914,"Valid","L6","14290","Fell",1909,35.53333,136.88333,"(35.533330, 136.883330)"
"72","Glasgow","a0005805",2005805,"  5805 Glasgow (1985 YH)","5805","","N","N",12.4,NA,NA,NA,NA,NA,NA,"","",NA,NA,NA,NA,NA,NA,"","",NA,NA,"JPL 18",2457400.5,57400,20160113,"J2000",0.118102892646805,2.60297902435575,2.29555967208037,11.8623779772028,276.149211386743,253.583245055834,355.715288658663,2.91039837663112,0.234691883968128,2457418.75675123,20160131.2567512,1533.92607325479,4.19966070706309,1.33615,519.9894955,2.22965,3.374,6.6392e-08,1.5729e-08,1.7128e-07,6.2672e-06,3.0435e-05,4.0583e-05,2.6889e-05,1.7586e-08,2.1272e-09,0.00011459,1.3903e-05,"MBA","Otto Matic",11049,"1985-12-17","2016-03-18",1196,NA,NA,"0",0.49138,NA,NA,NA,NA,NA,10927,"Valid","Iron, IIIAB","20400","Found",1922,37.01667,-85.91667,"(37.016670, -85.916670)"
"73","Grant","a0003154",2003154,"  3154 Grant (1984 SO3)","3154","","N","N",12.9,NA,NA,NA,NA,NA,NA,"","",NA,NA,NA,NA,NA,NA,"","",NA,NA,"JPL 17",2457400.5,57400,20160113,"J2000",0.173550170459986,3.0965633375954,2.55915424251558,2.47592558511509,102.649085122532,306.37112024266,241.591888318096,3.63397243267522,0.180877323317297,2458055.1321535,20171028.6321535,1990.29924480077,5.4491423540062,1.56925,610.7050225,1.75441,3.198,5.895e-08,3.0481e-08,1.8756e-07,5.2395e-06,0.00015273,0.00015374,1.9972e-05,3.5771e-08,2.6707e-09,0.00011712,2.9387e-05,"MBA","Otto Matic",14819,"1975-01-17","2015-08-14",1117,NA,NA,"0",0.51469,NA,NA,NA,NA,NA,10957,"Valid","Iron, IIIAB","525000","Found",1929,35.16667,-107.88333,"(35.166670, -107.883330)"
"74","Guizhou","a0002632",2002632,"  2632 Guizhou (1980 VJ1)","2632","","N","N",11.5,NA,NA,NA,NA,NA,NA,"29.07","",0.0576,NA,NA,NA,NA,NA,"","",NA,1.4,"JPL 18",2457400.5,57400,20160113,"J2000",0.10829124417262,3.0376566107089,2.70870499696605,10.4525551702865,18.2921711464097,312.308410504917,295.220426915403,3.36660822445175,0.186164152302223,2457748.47017731,20161225.9701773,1933.77723663773,5.29439352946676,1.71041,665.6402597,2.06954,3.207,6.591e-08,2.5483e-08,2.0335e-07,7.7261e-06,2.7022e-05,3.8487e-05,2.9883e-05,2.8243e-08,2.3426e-09,0.0001621,2.4334e-05,"MBA","Otto Matic",24390,"1948-10-10","2015-07-21",1438,NA,NA,"0",0.52289,NA,NA,NA,NA,NA,11447,"Valid","Iron","","Found",NA,25.4,107.5,"(25.400000, 107.500000)"
"75","Hartley","c00110_0",1000119,"  110P/Hartley 3","110P","P","","",NA,NA,5.9,13.3,22,5,0.03,"4.3","",NA,NA,NA,NA,NA,NA,"","",NA,NA,"JPL 47",2457164.5,57164,20150522,"J2000",0.315014079459739,3.61358649669657,2.47525587289156,11.6900432245524,287.710333467057,167.744667817949,22.2717476389207,4.75191712050158,0.143481659772164,2457009.27634511,20141217.7763451,2509.03147183861,6.86935379011257,1.49198,580.6338566,NA,2.989,1.4835e-07,6.4712e-08,5.1e-07,1.1765e-05,2.4134e-05,5.7483e-05,2.6867e-05,8.5097e-08,3.8542e-09,0.00018627,6.7397e-05,"JFc","Ryan S. Park",9925,"1988-02-19","2015-04-23",2648,NA,NA,"0",0.68848,NA,NA,-2.94761499762052e-10,NA,NA,11847,"Valid","L","2100","Found",1967,35.94167,-102.16,"(35.941670, -102.160000)"
"76","Hartley","dJ84W020",1001204,"     C/1984 W2 (Hartley)","1984 W2","C","","",NA,NA,NA,NA,NA,NA,NA,"","",NA,NA,NA,NA,NA,NA,"","",NA,NA,"SAO_2008",2446320.5,46320,19850912,"J2000",0.999579,9501.7434679,4.000234,89.3273,250.2083,255.2662,-1.74e-05,18999.4867019,1.1e-06,2446336.8655,19850928.3655,NA,NA,NA,NA,NA,0.03,NA,NA,NA,NA,NA,NA,NA,NA,NA,NA,NA,"COM","Kobayashi",1278,"1984-11-17","1988-05-18",45,NA,NA,"",NA,FALSE,NA,NA,NA,NA,11847,"Valid","L","2100","Found",1967,35.94167,-102.16,"(35.941670, -102.160000)"
"77","Hartley","a0004768",2004768,"  4768 Hartley (1988 PH1)","4768","","N","N",11.3,NA,NA,NA,NA,NA,NA,"36.63","",0.0398,22.08,NA,NA,NA,NA,"","",NA,1.7,"JPL 16",2457400.5,57400,20160113,"J2000",0.236774780023738,3.17388320889118,2.42238771028493,20.0831344888798,320.498155970553,26.6208000280454,284.480320839378,3.92537870749742,0.174308137038693,2457833.75389419,20170321.2538942,2065.30805799437,5.65450529225017,1.4264,555.112088,1.53268,3.065,8.1439e-08,3.4736e-08,2.5681e-07,9.4808e-06,1.5637e-05,2.0103e-05,1.6729e-05,4.2961e-08,2.8616e-09,0.00010117,3.3905e-05,"MBA","Otto Matic",12394,"1981-07-25","2015-07-01",943,NA,NA,"0",0.5118,NA,NA,NA,NA,NA,11847,"Valid","L","2100","Found",1967,35.94167,-102.16,"(35.941670, -102.160000)"
"78","Hartley","c00103_0",1000041,"  103P/Hartley 2","103P","P","Y","",NA,NA,14.7,NA,8,NA,NA,"1.6","",NA,18.1,NA,NA,NA,NA,"","",NA,NA,"JPL 252",2456981.5,56981,20141120,"J2000",0.693780472012878,3.47526874330475,1.06419515420318,13.6042724340803,219.748745073602,181.32228577283,225.770152244113,5.88634233240633,0.152132317957467,2457863.8230301,20170420.3230301,2366.36110481567,6.47874361345838,0.0720049,28.022146933,NA,2.641,5.9767e-09,1.1101e-08,2.0454e-08,2.132e-06,5.8655e-06,6.1879e-06,1.4848e-06,1.8803e-08,7.2896e-10,1.3758e-05,1.1339e-05,"JFc","Ryan S. Park",9922,"1986-03-15","2013-05-14",6506,NA,NA,"0",0.68296,NA,NA,NA,NA,NA,11847,"Valid","L","2100","Found",1967,35.94167,-102.16,"(35.941670, -102.160000)"
"79","Hartley","c00100_0",1000040,"  100P/Hartley 1","100P","P","","",NA,NA,8,NA,25,NA,NA,"","",NA,NA,NA,NA,NA,NA,"","",NA,NA,"JPL 16",2457480.5,57480,20160402,"J2000",0.413478679222109,3.42794071624005,2.01056031643743,25.5893256385759,37.7251755756839,181.862069482878,359.996149817405,4.84532111604269,0.155293801064328,2457480.52479289,20160402.0247929,2318.18654403903,6.34684885431631,1.00326,390.4386942,0.135837,2.851,2.4186e-07,4.925e-07,9.4651e-07,5.3004e-05,3.9237e-05,0.00027536,0.00010406,6.9614e-07,3.3467e-08,0.0006701,0.00049959,"JFc","Davide Farnocchia",11264,"1985-06-13","2016-04-15",307,NA,NA,"1",0.65234,NA,1.85256010786299e-09,-6.17236566930101e-11,-8.40024697558238e-10,NA,11847,"Valid","L","2100","Found",1967,35.94167,-102.16,"(35.941670, -102.160000)"
"80","Havana","a0011095",2011095," 11095 Havana (1994 PJ22)","11095","","N","N",13.4,NA,NA,NA,NA,NA,NA,"","",NA,9.8355,NA,NA,NA,NA,"","",NA,NA,"JPL 17",2457400.5,57400,20160113,"J2000",0.125353486605813,3.18298405203085,2.78398590329808,1.94146599680915,25.5530833945268,157.536691031285,72.0783351570622,3.58198220076361,0.173561094397701,2456985.20914575,20141123.7091457,2074.19756858119,5.67884344580749,1.7864,695.213288,1.37845,3.186,5.7621e-08,2.8513e-08,1.8344e-07,6.0171e-06,0.00014866,0.00014993,2.0249e-05,3.2087e-08,2.3321e-09,0.00011677,2.787e-05,"MBA","Otto Matic",8559,"1992-02-28","2015-08-05",1049,NA,NA,"0",0.48094,NA,NA,NA,NA,NA,11857,"Valid","Iron, IAB complex","","Found",301,40.33333,-90.05,"(40.333330, -90.050000)"
"81","Hebei","a0002505",2002505,"  2505 Hebei (1975 UJ)","2505","","N","N",11.6,NA,NA,NA,NA,NA,NA,"","",NA,NA,NA,NA,NA,NA,"","",NA,NA,"JPL 20",2457400.5,57400,20160113,"J2000",0.174012692143345,3.14129764380715,2.59467198398472,2.07951083302468,59.2383549327739,207.515208799737,167.185031641796,3.68792330362957,0.177027379672644,2456456.09788576,20130612.5978858,2033.58373527138,5.56764883031179,1.57759,613.9507003,1.40091,3.186,4.4339e-08,2.4745e-08,1.3723e-07,5.2664e-06,0.00013038,0.00013134,1.948e-05,2.9051e-08,2.0918e-09,0.00010508,2.4029e-05,"MBA","Otto Matic",24104,"1950-03-21","2016-03-18",1864,NA,NA,"0",0.52913,NA,NA,NA,NA,NA,11866,"Valid","L6","1910","Found",1981,NA,NA,""
"82","Hiroshima","a0002247",2002247,"  2247 Hiroshima (6512 P-L)","2247","","N","N",13.5,NA,NA,NA,NA,NA,NA,"","",NA,NA,NA,NA,NA,NA,"","",NA,NA,"JPL 11",2457400.5,57400,20160113,"J2000",0.109736077050869,2.45029102759006,2.18140570258938,5.94142613693354,7.395368470639,29.6950645540149,124.926942650225,2.71917635259073,0.256967127198708,2456914.34076239,20140913.8407624,1400.95740620402,3.83561233731421,1.18866,462.5908122,2.68687,3.48,6.5921e-08,1.1996e-08,1.5732e-07,6.267e-06,3.9705e-05,4.7443e-05,2.3126e-05,1.3313e-08,1.8871e-09,9.0198e-05,1.0288e-05,"MBA","Otto Matic",22216,"1955-05-23","2016-03-19",1417,NA,NA,"0",0.4629,NA,NA,NA,NA,NA,11889,"Valid","H5","414","Fell",2003,34.45,132.38333,"(34.450000, 132.383330)"
"83","Holly","a0019955",2019955," 19955 Holly (1984 WZ1)","19955","","N","N",13.3,NA,NA,NA,NA,NA,NA,"","",NA,NA,NA,NA,NA,NA,"","",NA,NA,"JPL 19",2457400.5,57400,20160113,"J2000",0.145452201702121,3.06784016242272,2.62161605632815,12.1213268737608,127.749483062666,222.129747820582,2.51296933557599,3.5140642685173,0.183423501977142,2457386.79963277,20151230.2996328,1962.67106515534,5.37350052061694,1.62623,632.8799291,1.90726,3.182,6.2625e-08,3.2057e-08,2.101e-07,5.5551e-06,2.4169e-05,3.0701e-05,1.8111e-05,3.672e-08,2.875e-09,9.8726e-05,3.0763e-05,"MBA","Otto Matic",13565,"1978-10-08","2015-11-28",1046,NA,NA,"0",0.5408,NA,NA,NA,NA,NA,11898,"Valid","H4","299","Found",1937,38.06667,-102.1,"(38.066670, -102.100000)"
"84","Ingalls","a0004875",2004875,"  4875 Ingalls (1991 DJ)","4875","","N","N",13.1,NA,NA,NA,NA,NA,NA,"","",NA,3.78,NA,NA,NA,NA,"","",NA,NA,"JPL 18",2457400.5,57400,20160113,"J2000",0.178772584063906,2.24364576134105,1.84254341086208,5.25517376919357,123.862460235075,159.509889404893,41.4102032042409,2.64474811182002,0.293273376946889,2457259.29999189,20150824.7999919,1227.52362914004,3.36077653426431,0.825529,321.27112093,2.49703,3.606,5.092e-08,1.0023e-08,1.1519e-07,5.2022e-06,5.783e-05,6.0027e-05,1.4689e-05,1.1815e-08,1.9652e-09,5.0336e-05,8.2255e-06,"MBA","Otto Matic",30876,"1931-05-21","2015-12-02",1340,NA,NA,"0",0.50951,NA,NA,NA,NA,NA,12033,"Valid","H6","226","Found",1937,37.83333,-100.45,"(37.833330, -100.450000)"
"85","Jenkins","a0028603",2028603," 28603 Jenkins (2000 EW148)","28603","","N","N",14.4,NA,NA,NA,NA,NA,NA,"","",NA,NA,NA,NA,NA,NA,"","",NA,NA,"JPL 16",2457400.5,57400,20160113,"J2000",0.103740196164285,2.52082692428195,2.25931584466073,2.54212318200127,358.056202848843,173.227216185523,1.08528617622693,2.78233800390317,0.246257536587085,2457396.09288137,20160108.5928814,1461.88419241614,4.00242078690251,1.26491,492.2650247,2.18683,3.447,5.209e-08,1.4637e-08,1.3274e-07,5.6587e-06,0.00010817,0.00011136,2.5719e-05,1.6155e-08,2.1448e-09,0.00010444,1.2732e-05,"MBA","Otto Matic",9285,"1990-10-14","2016-03-16",1167,NA,NA,"0",0.52878,NA,NA,NA,NA,NA,12080,"Valid","Iron, IAB-MG","55400","Found",1946,36.82444,-93.76111,"(36.824440, -93.761110)"
"86","Jilin","a0002398",2002398,"  2398 Jilin (1965 UD2)","2398","","N","N",13.3,NA,NA,NA,NA,NA,NA,"","",NA,3.17767,NA,NA,NA,NA,"","",NA,NA,"JPL 16",2457400.5,57400,20160113,"J2000",0.235163327660033,2.39217460374204,1.82962286358224,3.72994352781611,88.0679254722087,11.9082558047664,171.938344359652,2.95472634390184,0.266388063489671,2456755.05687426,20140407.5568743,1351.41190368674,3.69996414424843,0.846394,329.39115298,2.2249,3.49,4.1966e-08,1.0196e-08,1.0143e-07,5.1349e-06,8.4772e-05,8.5745e-05,1.3864e-05,1.2594e-08,1.7031e-09,5.0245e-05,8.64e-06,"MBA","Otto Matic",24633,"1948-03-05","2015-08-14",1258,NA,NA,"0",0.48855,NA,NA,NA,NA,NA,12171,"Valid","H5","4000000","Fell",1976,44.05,126.16667,"(44.050000, 126.166670)"
"87","Kelly","a0022312",2022312," 22312 Kelly (1991 GW1)","22312","","N","N",14.2,NA,NA,NA,NA,NA,NA,"","",NA,NA,NA,NA,NA,NA,"","",NA,NA,"JPL 15",2457400.5,57400,20160113,"J2000",0.1934856714682,2.27194928578453,1.83235965268281,24.5643732884257,219.422425700892,335.497926403685,95.5837639531726,2.71153891888625,0.287810162432014,2457068.39301967,20150214.8930197,1250.8244912479,3.42457081792718,0.842257,327.78115669,2.29879,3.47,8.0919e-08,1.3854e-08,1.806e-07,9.1616e-06,1.0587e-05,1.8946e-05,1.5844e-05,1.6535e-08,2.6326e-09,5.493e-05,1.1441e-05,"MBA","Otto Matic",10419,"1987-02-27","2015-09-07",735,NA,NA,"0",0.49224,NA,NA,NA,NA,NA,12273,"Valid","LL4","44300","Found",1937,40.46667,-103.03333,"(40.466670, -103.033330)"
"88","Kobe","a0008120",2008120,"  8120 Kobe (1997 VT)","8120","","N","N",14.5,NA,NA,NA,NA,NA,NA,"","",NA,5.86,NA,NA,NA,NA,"","",NA,NA,"JPL 19",2457400.5,57400,20160113,"J2000",0.18745619894681,2.42133210476308,1.96743839201632,2.58665341706272,115.632268374372,231.491580610689,336.423918219531,2.87522581750985,0.26159084048583,2457490.62579239,20160412.1257924,1376.19497430187,3.76781649363961,0.959774,373.51524758,2.5291,3.488,5.8721e-08,1.4986e-08,1.4636e-07,5.119e-06,0.00014071,0.0001417,1.7192e-05,1.7796e-08,2.4286e-09,6.5935e-05,1.2777e-05,"MBA","Otto Matic",11994,"1982-11-12","2015-09-14",1008,NA,NA,"0",0.57944,NA,NA,NA,NA,NA,12336,"Valid","CK4","136","Fell",1999,34.73333,135.16667,"(34.733330, 135.166670)"
"89","Kokubunji","a0087271",2087271," 87271 Kokubunji (2000 PY3)","87271","","N","N",15.5,NA,NA,NA,NA,NA,NA,"","",NA,NA,NA,NA,NA,NA,"","",NA,NA,"JPL 12",2457400.5,57400,20160113,"J2000",0.130293239772002,2.57323743217129,2.2379619904311,5.68088856951998,337.628587864818,12.6514536503941,237.934938658453,2.90851287391147,0.238772487239699,2457911.71912224,20170607.2191222,1507.711395738,4.12788883158932,1.23009,478.7141253,2.48962,3.41,1.463e-07,3.6515e-08,3.5863e-07,1.0437e-05,7.7152e-05,8.5171e-05,4.7677e-05,4.1272e-08,5.0824e-09,0.00020617,3.2092e-05,"MBA","Otto Matic",5377,"2000-07-04","2015-03-25",350,NA,NA,"0",0.62449,NA,NA,NA,NA,NA,12342,"Valid","L6","11510","Fell",1986,34.3,133.95,"(34.300000, 133.950000)"
"90","Kossuth","a0090376",2090376," 90376 Kossuth (2003 VL)","90376","","N","N",15.1,NA,NA,NA,NA,NA,NA,"","",NA,NA,NA,NA,NA,NA,"","",NA,NA,"JPL 9",2457400.5,57400,20160113,"J2000",0.0413558090750109,3.07288996013662,2.94580810963669,11.8477118043064,37.0718796749326,326.276745062989,152.112887937839,3.19997181063655,0.182971547488448,2456569.15277675,20131003.6527768,1967.5190210802,5.3867735005618,1.9515,759.465255,2.00584,3.196,1.4243e-07,5.9698e-08,4.0872e-07,1.273e-05,4.1608e-05,0.0001265,0.00012777,6.2167e-08,5.332e-09,0.00068548,5.7336e-05,"MBA","Otto Matic",6707,"1997-10-29","2016-03-10",227,NA,NA,"0",0.64884,NA,NA,NA,NA,NA,12350,"Valid","Iron, IVA","5900","Found",1975,40.66667,-84.35,"(40.666670, -84.350000)"
"91","Kuga","a0005875",2005875,"  5875 Kuga (1989 XO)","5875","","N","N",12.5,NA,NA,NA,NA,NA,NA,"","",NA,5.551,NA,NA,NA,NA,"","",NA,NA,"JPL 17",2457400.5,57400,20160113,"J2000",0.0490949499125045,2.37923811771147,2.26242954149251,6.46876915204242,287.192940806105,151.134926591782,39.9594055071627,2.49604669393044,0.268563637396196,2457251.71066316,20150817.2106632,1340.46441837885,3.66999156298111,1.27996,498.1220332,2.6309,3.529,4.2317e-08,1.0063e-08,9.9645e-08,5.591e-06,3.8873e-05,6.979e-05,5.6818e-05,1.0557e-08,1.7039e-09,0.00021164,8.5045e-06,"MBA","Otto Matic",11109,"1985-10-11","2016-03-11",1468,NA,NA,"0",0.44993,NA,NA,NA,NA,NA,12367,"Valid","Iron, IIIAB","5600","Found",1950,34.1,132.08333,"(34.100000, 132.083330)"
"92","La Serena","a0007082",2007082,"  7082 La Serena (1987 YL1)","7082","","N","N",12.6,NA,NA,NA,NA,NA,NA,"","",NA,NA,NA,NA,NA,NA,"","",NA,NA,"JPL 18",2457400.5,57400,20160113,"J2000",0.141383698397832,3.11410395086114,2.67382041709309,15.8219999263173,141.348589694646,159.974654145447,175.389894659979,3.55438748462919,0.179351253205735,2456422.58715286,20130510.0871529,2007.23437146571,5.495508203876,1.66241,646.9600997,1.76735,3.145,5.4938e-08,2.5379e-08,1.6758e-07,6.1511e-06,1.9589e-05,2.8339e-05,2.2494e-05,2.8967e-08,2.1925e-09,0.00011998,2.4538e-05,"MBA","Otto Matic",10312,"1987-12-17","2016-03-11",1119,NA,NA,"0",0.50362,NA,NA,NA,NA,NA,12404,"Valid","Iron, IAB-MG","663","Found",1990,NA,NA,""
"93","Las Cruces","a0060186",2060186," 60186 Las Cruces (1999 VH22)","60186","","N","N",12.8,NA,NA,NA,NA,NA,NA,"","",NA,NA,NA,NA,NA,NA,"","",NA,NA,"JPL 8",2457400.5,57400,20160113,"J2000",0.179595344998991,3.17496671910728,2.6047574758289,14.8304021699443,41.8797178096772,59.6106314327793,251.579433739213,3.74517596238567,0.174218916324089,2458022.8237324,20170926.3237324,2066.36574027537,5.65740106851573,1.65672,644.7457224,1.75926,3.125,5.9061e-08,4.0682e-08,1.7877e-07,9.5472e-06,2.6744e-05,4.1076e-05,3.1057e-05,4.7988e-08,3.3485e-09,0.00018395,3.9715e-05,"MBA","Otto Matic",11178,"1985-03-23","2015-10-30",692,NA,NA,"0",0.47807,NA,NA,NA,NA,NA,55759,"Valid","Iron, IIIAB","528","Found",2001,-23.38316,-70.58605,"(-23.383160, -70.586050)"
"94","Latham","a0023040",2023040," 23040 Latham (1999 XK22)","23040","","N","N",14.8,NA,NA,NA,NA,NA,NA,"","",NA,NA,NA,NA,NA,NA,"","",NA,NA,"JPL 16",2457400.5,57400,20160113,"J2000",0.00830730602902972,2.76489291147249,2.74192409991939,3.38789957095937,111.822469120839,133.308036582561,347.434710265748,2.78786172302558,0.214381152474377,2457459.11191429,20160311.6119143,1679.25209770027,4.59754167748193,1.72671,671.9837307,2.18036,3.337,6.79e-08,2.7533e-08,1.9863e-07,5.7584e-06,0.00011348,0.00045146,0.00043961,2.7762e-08,3.2022e-09,0.0020508,2.5083e-05,"MBA","Otto Matic",8995,"1990-11-22","2015-07-09",697,NA,NA,"0",0.56015,NA,NA,NA,NA,NA,12736,"Valid","L6","","Found",1977,-29.75,116.43333,"(-29.750000, 116.433330)"
"95","Lawrence","a0004969",2004969,"  4969 Lawrence (1986 TU)","4969","","N","N",12.7,NA,NA,NA,NA,NA,NA,"","",NA,NA,NA,NA,NA,NA,"C","",NA,NA,"JPL 12",2457400.5,57400,20160113,"J2000",0.362008310663251,2.75741448732266,1.75920752696861,31.4442410872735,186.511533882853,245.438590906971,99.578594481447,3.75562144767672,0.215253882930292,2456937.89001998,20141007.39002,1672.4436981078,4.57890129529856,0.926139,360.42551463,2.29545,3.045,5.9637e-08,2.1053e-08,1.6166e-07,8.1828e-06,1.3161e-05,1.6605e-05,1.0855e-05,2.8674e-08,2.4652e-09,4.8537e-05,1.9153e-05,"MBA","Otto Matic",14069,"1977-09-09","2016-03-17",767,NA,NA,"0",0.49847,NA,NA,NA,NA,NA,12744,"Valid","L6","515","Found",1928,38.96667,-95.16667,"(38.966670, -95.166670)"
"96","Lazarev","a0003660",2003660,"  3660 Lazarev (1978 QX2)","3660","","N","N",11.7,NA,NA,NA,NA,NA,NA,"26.75","",0.062,NA,NA,NA,NA,NA,"","",NA,2.1,"JPL 22",2457400.5,57400,20160113,"J2000",0.0837821437416865,3.22257757948563,2.95258312150243,7.79401251922049,354.958173641216,216.77621167,298.505465604317,3.49257203746884,0.170372306151935,2457761.44207905,20170107.9420791,2113.01946971921,5.78513201839618,1.95187,759.6092479,1.50476,3.169,5.5966e-08,2.7309e-08,1.9091e-07,6.4483e-06,3.5952e-05,4.9474e-05,3.5233e-05,2.9597e-08,2.1656e-09,0.00020741,2.6859e-05,"OMB","Otto Matic",23839,"1950-12-09","2016-03-16",1372,NA,NA,"0",0.48143,NA,NA,NA,NA,NA,12745,"Valid","Iron, ungrouped","10000","Found",1961,-71.95,11.5,"(-71.950000, 11.500000)"
"97","Lemmon","dK13TB7L",1003292,"     P/2013 TL117 (Lemmon)","2013 TL117","P","Y","",NA,NA,16.9,20.6,15,5,0.03,"","",NA,NA,NA,NA,NA,NA,"","",NA,NA,"JPL 45",2456674.5,56674,20140117,"J2000",0.689913795122723,3.60439148177942,1.11767207547696,9.365636389487,3.36202194808319,112.199132042696,355.35947153331,6.09111088808187,0.144031055029759,2456706.71894379,20140218.2189438,2499.46096642573,6.84315117433465,0.20162,78.4644554,NA,2.633,4.8047e-06,5.812e-05,7.8366e-07,2.2741e-05,9.6503e-05,8.0463e-05,0.00011338,9.8217e-05,3.4837e-06,3.9775e-05,0.060455,"JFc","Otto Matic",232,"2013-10-04","2014-05-24",515,NA,NA,"3",0.53547,NA,NA,NA,NA,NA,12762,"Valid","H5","6680","Found",1984,45.93333,-102.18333,"(45.933330, -102.183330)"
"98","Lemmon","dK07K010",1002458,"     C/2007 K1 (Lemmon)","2007 K1","C","","",NA,NA,8.6,11,7,5,0.03,"","",NA,NA,NA,NA,NA,NA,"","",NA,NA,"JPL 13",2454310.5,54310,20070729,"J2000",0.978796899348212,435.740708498057,9.23905410036566,108.432516865247,294.660221860439,51.975743506778,0.00891208772969799,862.242362895748,0.000108358222196912,2454228.2534704,20070507.7534704,3322313.6435904,9095.99902420371,8.54513,3325.5082421,NA,-1.173,5.3574e-05,1.1029,6.9812e-05,0.00011015,0.00018326,0.0023614,3.1742e-05,2.1823,4.1138e-07,0.046978,12613,"COM","Otto Matic",703,"2007-05-18","2009-04-20",137,NA,NA,"",0.55035,NA,NA,NA,NA,NA,12762,"Valid","H5","6680","Found",1984,45.93333,-102.18333,"(45.933330, -102.183330)"
"99","Lemmon","dK08C94L",1003018,"     P/2008 CL94 (Lemmon)","2008 CL94","P","","",NA,NA,8.5,13,10,5,0.03,"","",NA,NA,NA,NA,NA,NA,"","",NA,NA,"JPL 7",2454769.5,54769,20081030,"J2000",0.119413953979505,6.17060268104161,5.4337466164619,8.34819068278173,33.4617223856926,82.0548577518891,54.7991068330496,6.90745874562133,0.06430025549886,2453917.26222259,20060630.7622226,5598.73358522475,15.3284971532505,4.46196,1736.4609732,NA,2.983,8.1545e-05,0.00017417,0.00040113,9.5166e-05,0.00040155,0.020451,0.011365,0.00019497,2.7225e-06,0.18604,0.23705,"JFc","Otto Matic",491,"2008-02-08","2009-06-13",61,NA,NA,"4",0.829,NA,NA,NA,NA,NA,12762,"Valid","H5","6680","Found",1984,45.93333,-102.18333,"(45.933330, -102.183330)"
"100","Lemmon","dK13G060",1003247,"     C/2013 G6 (Lemmon)","2013 G6","C","","",NA,NA,6.8,15.4,28,5,0.03,"","",NA,NA,NA,NA,NA,NA,"","",NA,NA,"JPL 32",2456459.5,56459,20130616,"J2000",0.9947078357303,387.081480415651,2.04849878011813,124.08434769251,44.567408478659,215.69243414906,359.994923103112,772.114462051185,0.000129419728331825,2456498.72815287,20130725.2281529,2781647.00730155,7615.73444846421,1.15321,448.7947357,NA,-0.98,5.6865e-06,0.41611,1.2536e-06,4.5129e-05,1.6572e-05,9.5098e-05,8.2055e-06,0.83001,2.0869e-07,0.00025696,4485.3,"COM","Otto Matic",298,"2013-04-13","2014-02-05",231,NA,NA,"",0.59829,NA,NA,NA,NA,NA,12762,"Valid","H5","6680","Found",1984,45.93333,-102.18333,"(45.933330, -102.183330)"
"101","Lemmon","dK11FE3R",1003184,"     P/2011 FR143 (Lemmon)","2011 FR143","P","","",NA,NA,11.1,14.5,10,5,0.03,"","",NA,NA,NA,NA,NA,NA,"","",NA,NA,"JPL 5",2455787.5,55787,20110814,"J2000",0.453054677856691,6.82959248165105,3.73541365998416,16.013581808902,191.022577796475,349.91587125199,8.63713426992926,9.92377130331795,0.0552219690748952,2455631.092425,20110310.592425,6519.14457290987,17.8484451003693,2.74165,1066.9679305,NA,2.725,3.1046e-05,0.0003712,6.4583e-05,7.3004e-05,0.00011629,0.0042486,0.0015267,0.00053938,4.5021e-06,0.02528,0.53149,"JFc","Otto Matic",463,"2011-03-05","2012-06-10",59,NA,NA,"3",0.45432,NA,NA,NA,NA,NA,12762,"Valid","H5","6680","Found",1984,45.93333,-102.18333,"(45.933330, -102.183330)"
"102","Lemmon","dK15X01Y",1003427,"     C/2015 XY1 (Lemmon)","2015 XY1","C","","",NA,NA,5.2,10.1,10,5,0.03,"","",NA,NA,NA,NA,NA,NA,"","",NA,NA,"JPL 9",2457406.5,57406,20160119,"J2000",1.00161904412096,-4896.57246850369,7.92776686800524,148.827326473779,281.621869713914,196.386128732543,-0.0023951362587303,NA,2.87650937850573e-06,2458239.15372838,20180430.6537284,NA,NA,6.95506,2706.7007002,2.85176,-1.761,0.0014278,4317.6,0.0020074,0.0060258,0.0068787,0.038163,0.0031663,NA,3.8046e-06,0.60944,NA,"HYP","Otto Matic",98,"2015-12-04","2016-03-11",64,NA,NA,"",0.39319,NA,NA,NA,NA,NA,12762,"Valid","H5","6680","Found",1984,45.93333,-102.18333,"(45.933330, -102.183330)"
"103","Lemmon","dK11H010",1003125,"     C/2011 H1 (Lemmon)","2011 H1","C","","",NA,NA,6.4,8.8,7,5,0.03,"","",NA,NA,NA,NA,NA,NA,"","",NA,NA,"JPL 5",2455677.5,55677,20110426,"J2000",0.957360362720142,160.97727258868,6.86401251348223,71.4027909832433,35.1314716763544,100.168337093918,0.928148200045996,315.090532663878,0.000482566563117662,2453754.14212363,20060118.6421236,746011.073942193,2042.4670060019,6.52012,2537.4351004,NA,1.057,0.012653,46.613,0.056391,0.43591,0.076559,0.095882,0.41099,91.238,0.0002096,17.329,324020,"COM","Otto Matic",39,"2011-03-29","2011-05-07",47,NA,NA,"",0.60851,NA,NA,NA,NA,NA,12762,"Valid","H5","6680","Found",1984,45.93333,-102.18333,"(45.933330, -102.183330)"
"104","Lemmon","dK12S06B",1003207,"     P/2012 SB6 (Lemmon)","2012 SB6","P","","",NA,NA,14.1,16,10,5,0.03,"","",NA,NA,NA,NA,NA,NA,"","",NA,NA,"JPL 13",2456228.5,56228,20121028,"J2000",0.384619210641611,3.9105342786712,2.40646767122172,10.9897401229168,9.55720926589284,12.7879452800552,359.493188622185,5.41460088612068,0.127452960612995,2456232.47645826,20121031.9764583,2824.57149891655,7.73325530161957,1.41026,548.8308842,NA,2.902,1.0616e-05,8.8096e-05,1.5032e-05,0.00013469,0.00011608,0.0040713,0.0016674,0.00012198,4.3068e-06,0.013177,0.095447,"JFc","Otto Matic",145,"2012-09-14","2013-02-06",192,NA,NA,"4",0.62108,NA,NA,NA,NA,NA,12762,"Valid","H5","6680","Found",1984,45.93333,-102.18333,"(45.933330, -102.183330)"
"105","Lemmon","dK12F060",1003183,"     C/2012 F6 (Lemmon)","2012 F6","C","","",NA,NA,5.5,11.1,15,5,0.03,"","",NA,NA,NA,NA,NA,NA,"","",NA,NA,"JPL 78",2456502.5,56502,20130729,"J2000",0.998498710678511,487.073487318333,0.731238225291565,82.6088536909298,332.715278399231,304.986913030835,0.0115972492545341,973.415736411374,9.16879659521323e-05,2456376.01394336,20130324.5139434,3926360.41449481,10749.7889513889,0.0723709,28.164583153,NA,0.147,3.1602e-07,0.10247,1.7011e-07,1.1906e-05,1.8367e-05,1.1401e-05,3.6603e-06,0.20479,2.8935e-08,2.2694e-05,1239.1,"COM","Otto Matic",995,"2012-01-22","2014-10-13",3223,NA,NA,"",0.52007,NA,NA,NA,NA,NA,12762,"Valid","H5","6680","Found",1984,45.93333,-102.18333,"(45.933330, -102.183330)"
"106","Lemmon","dK07S020",1002478,"     C/2007 S2 (Lemmon)","2007 S2","C","","",NA,NA,9,11.2,8,5,0.03,"","",NA,NA,NA,NA,NA,NA,"","",NA,NA,"JPL 45",2454610.5,54610,20080524,"J2000",0.55705605698593,12.5477062915704,5.55793050057064,16.8630459072826,296.25310414454,210.470404706844,357.474119538155,19.5374820825701,0.0221746900023797,2454724.40826485,20080914.9082649,16234.7252638646,44.4482553425452,4.58398,1783.9474966,NA,2.883,3.8372e-06,0.00011584,3.7635e-06,2.9751e-05,5.6431e-05,0.00015248,5.8347e-05,0.00018038,3.0708e-07,0.0016593,0.22482,"JFc","Otto Matic",2775,"2003-10-03","2011-05-09",410,NA,NA,"2",0.51077,NA,NA,NA,NA,NA,12762,"Valid","H5","6680","Found",1984,45.93333,-102.18333,"(45.933330, -102.183330)"
"107","Lemmon","dK09U89G",1003086,"     C/2009 UG89 (Lemmon)","2009 UG89","C","","",NA,NA,5,12,16,5,0.03,"","",NA,NA,NA,NA,NA,NA,"","",NA,NA,"JPL 55",2455499.5,55499,20101030,"J2000",1.00796007548076,-493.86102784859,3.93117105868052,130.09982839489,321.007068966046,60.6513484368345,-0.0042443479567014,NA,8.98042602909567e-05,2455546.76221165,20101216.2622116,NA,NA,3.19625,1243.8846125,NA,-1.59,4.3123e-06,0.26727,2.3764e-06,1.4378e-05,1.9162e-05,5.8054e-05,3.4381e-06,NA,7.29e-08,0.00036021,NA,"HYP","Otto Matic",918,"2009-10-22","2012-04-27",968,NA,NA,"",0.6049,NA,NA,NA,NA,NA,12762,"Valid","H5","6680","Found",1984,45.93333,-102.18333,"(45.933330, -102.183330)"
"108","Lemmon","dK06W04D",1002455,"     C/2006 WD4 (Lemmon)","2006 WD4","C","","",NA,NA,17.4,NA,17,NA,NA,"","",NA,NA,NA,NA,NA,NA,"","",NA,NA,"JPL 28",2454120.5,54120,20070120,"J2000",0.998987332777247,583.84861582971,0.591244356300491,152.704632003166,226.790532200773,292.690894134995,359.993125502282,1167.10598730312,6.98640393075447e-05,2454218.8982287,20070428.3982287,5152865.53093879,14107.7769498666,0.0873403,33.990224551,NA,-0.838,1.2259e-06,0.70651,4.6643e-07,8.836e-05,4.1225e-05,3.8512e-05,1.2478e-05,1.4123,1.2681e-07,2.8901e-05,9353.2,"COM","Otto Matic",204,"2006-11-20","2007-06-12",96,NA,NA,"",0.83677,NA,NA,NA,NA,NA,12762,"Valid","H5","6680","Found",1984,45.93333,-102.18333,"(45.933330, -102.183330)"
"109","Lemmon","dK14L050",1003320,"     C/2014 L5 (Lemmon)","2014 L5","C","","",NA,NA,5.6,12.7,13,5,0.03,"","",NA,NA,NA,NA,NA,NA,"","",NA,NA,"JPL 17",2456905.5,56905,20140905,"J2000",1.00264485030752,-2345.37643353576,6.20316958148472,122.805106259835,35.6834690222332,45.6113311237033,-0.000714838104617132,NA,8.6773125036538e-06,2456987.88012683,20141126.3801268,NA,NA,5.39987,2101.4674079,NA,-1.67,3.7806e-05,33.514,3.2174e-05,0.00011217,0.00010721,0.00073519,1.5305e-05,NA,1.8599e-07,0.008273,NA,"HYP","Otto Matic",702,"2013-10-12","2015-09-14",76,NA,NA,"",0.65534,NA,NA,NA,NA,NA,12762,"Valid","H5","6680","Found",1984,45.93333,-102.18333,"(45.933330, -102.183330)"
"110","Lemmon","dK11V05J",1003169,"     P/2011 VJ5 (Lemmon)","2011 VJ5","P","","",NA,NA,15.8,NA,17,NA,NA,"","",NA,NA,NA,NA,NA,NA,"","",NA,NA,"JPL 9",2455957.5,55957,20120131,"J2000",0.557271268303245,3.40251130094377,1.50638951285071,3.97275874766744,169.997836909233,315.125793614728,8.36973660128522,5.29863308903683,0.157037983316151,2455904.20247016,20111208.7024702,2292.43901633176,6.27635596531626,0.525081,204.34577277,NA,2.869,3.4488e-05,0.00028076,7.7368e-06,7.846e-05,0.00035167,0.00060162,0.00093362,0.00043722,1.9437e-05,0.00089152,0.28374,"JFc","Otto Matic",148,"2011-11-03","2012-03-30",66,NA,NA,"5",0.86675,NA,NA,NA,NA,NA,12762,"Valid","H5","6680","Found",1984,45.93333,-102.18333,"(45.933330, -102.183330)"
"111","Lemmon","dK09S030",1003039,"     C/2009 S3 (Lemmon)","2009 S3","C","","",NA,NA,8.7,11,8,5,0.03,"","",NA,NA,NA,NA,NA,NA,"","",NA,NA,"JPL 61",2455886.5,55886,20111121,"J2000",1.00141740790405,-4567.85617325841,6.47451544452629,60.3846281668452,225.132497811166,129.759925689873,-6.46148137535272e-05,NA,3.19253334826303e-06,2455906.73935436,20111211.2393544,NA,NA,5.72603,2228.3990951,NA,NA,1.0933e-05,35.229,8.8221e-06,2.6789e-05,2.9742e-05,0.00010025,7.4619e-07,NA,3.6933e-08,0.0013354,NA,"HYP","Otto Matic",1586,"2009-09-24","2014-01-27",281,NA,NA,"",0.80214,NA,NA,NA,NA,NA,12762,"Valid","H5","6680","Found",1984,45.93333,-102.18333,"(45.933330, -102.183330)"
"112","Lemmon","dK12K080",1003194,"     C/2012 K8 (Lemmon)","2012 K8","C","","",NA,NA,5.9,10.2,10,5,0.03,"","",NA,NA,NA,NA,NA,NA,"","",NA,NA,"JPL 95",2456715.5,56715,20140227,"J2000",1.00236334612239,-2734.68234016355,6.46300090458294,106.111231248703,312.8056148901,75.8497746564636,-0.00119458542299692,NA,6.89197581484943e-06,2456888.8298919,20140819.3298919,NA,NA,6.08088,2366.4960696,3.87346,0.208,7.9238e-06,9.1656,7.9865e-06,1.435e-05,2.2283e-05,0.00010785,6.0001e-06,NA,3.4649e-08,0.0013746,NA,"HYP","Otto Matic",1411,"2012-05-30","2016-04-10",962,NA,NA,"",0.60865,NA,NA,NA,NA,NA,12762,"Valid","H5","6680","Found",1984,45.93333,-102.18333,"(45.933330, -102.183330)"
"113","Leonora","a0000696",2000696,"   696 Leonora (1910 JJ)","696","","N","N",9.4,NA,NA,NA,NA,NA,NA,"75.76","",0.0773,26.8964,NA,NA,NA,NA,"","XC",NA,2,"JPL 16",2457400.5,57400,20160113,"J2000",0.250904283856569,3.17015922274646,2.37475269325196,13.0369965734886,299.519152192336,104.131140886161,272.700817677236,3.96556575224096,0.174615366881875,2457900.45131518,20170526.9513152,2061.67421818914,5.64455638107909,1.42346,553.9679282,1.70993,3.114,4.5042e-08,1.9628e-08,1.417e-07,5.2869e-06,2.3249e-05,2.5454e-05,9.9272e-06,2.4553e-08,1.6217e-09,5.8808e-05,1.9147e-05,"MBA","Otto Matic",34839,"1920-10-23","2016-03-12",1261,NA,NA,"0",0.53413,NA,NA,NA,NA,NA,55550,"Valid","L4","2572","Found",1990,-28.84519,121.397,"(-28.845190, 121.397000)"
"114","Lichtenberg","a0007970",2007970,"  7970 Lichtenberg (6065 P-L)","7970","","N","N",14.1,NA,NA,NA,NA,NA,NA,"","",NA,NA,NA,NA,NA,NA,"","",NA,NA,"JPL 17",2457400.5,57400,20160113,"J2000",0.24338342085736,2.5757659418432,1.94886721558952,4.15498859839335,348.215567302509,289.183301451112,195.588766676946,3.20266466809688,0.23842098576369,2458090.08373273,20171202.5837327,1509.93419831261,4.13397453336786,0.935825,364.19501525,1.95512,3.381,5.5504e-08,1.5402e-08,1.4624e-07,5.3283e-06,8.7046e-05,8.7927e-05,1.7294e-05,1.915e-08,2.1385e-09,7.6128e-05,1.3543e-05,"MBA","Otto Matic",20220,"1960-09-24","2016-02-03",1072,NA,NA,"0",0.51548,NA,NA,NA,NA,NA,14646,"Valid","H6","4000","Fell",1973,-26.15,26.18333,"(-26.150000, 26.183330)"
"115","Loomis","a0188061",2188061,"188061 Loomis (2001 VJ131)","188061","","N","N",16.9,NA,NA,NA,NA,NA,NA,"","",NA,NA,NA,NA,NA,NA,"","",NA,NA,"JPL 8",2457400.5,57400,20160113,"J2000",0.178544225377604,2.52055457112872,2.07052410770457,15.7695450859251,189.882109248256,162.27425924082,237.893784261308,2.97058503455288,0.246297450915313,2457896.26727362,20170522.7672736,1461.64728324282,4.00177216493586,1.06957,416.2445569,2.49814,3.382,1.2465e-07,2.3122e-08,3.1502e-07,1.3171e-05,4.4247e-05,6.2504e-05,4.982e-05,2.725e-08,3.389e-09,0.00020505,2.0112e-05,"MBA","Otto Matic",4878,"2001-11-11","2015-03-21",90,NA,NA,"0",0.69732,NA,NA,NA,NA,NA,14698,"Valid","L6","3020","Found",1933,40.46667,-99.5,"(40.466670, -99.500000)"
"116","Loyola","a0003589",2003589,"  3589 Loyola (1984 AB1)","3589","","N","N",13.7,NA,NA,NA,NA,NA,NA,"","",NA,NA,NA,NA,NA,NA,"","",NA,NA,"JPL 14",2457400.5,57400,20160113,"J2000",0.164457898008813,2.24481757717175,1.87563959701685,4.46434454950852,111.358167570699,286.422762932964,250.682842730425,2.61399555732665,0.293043769737372,2457773.54037335,20170120.0403733,1228.48542496786,3.36340978772858,0.887641,345.44324797,2.80185,3.61,5.515e-08,1.0951e-08,1.2164e-07,4.3215e-06,7.3478e-05,7.4855e-05,1.5626e-05,1.2752e-08,2.1443e-09,5.4719e-05,8.9892e-06,"MBA","Otto Matic",16737,"1969-10-17","2015-08-14",1203,NA,NA,"0",0.5312,NA,NA,NA,NA,NA,14720,"Valid","L5","2077","Found",1947,NA,NA,""
"117","Madrid","a0014967",2014967," 14967 Madrid (1997 PF4)","14967","","N","N",14.5,NA,NA,NA,NA,NA,NA,"","",NA,NA,NA,NA,NA,NA,"","",NA,NA,"JPL 10",2457400.5,57400,20160113,"J2000",0.142655699700829,2.56226247846841,2.19674113178531,6.03860189776548,303.966798246976,60.6187823746112,147.8490658693,2.9277838251515,0.240308232191995,2456785.25238854,20140507.7523885,1498.07601976938,4.10150860990932,1.19981,466.9300577,2.54129,3.412,8.9349e-08,2.2587e-08,2.1969e-07,7.0298e-06,6.4133e-05,6.9943e-05,3.4046e-05,2.5809e-08,3.1775e-09,0.0001375,1.9809e-05,"MBA","Otto Matic",12565,"1981-10-23","2016-03-18",708,NA,NA,"0",0.56628,NA,NA,NA,NA,NA,15382,"Valid","L6","400","Fell",1896,40.41667,-3.71667,"(40.416670, -3.716670)"
"118","Majuba","a0001321",2001321,"  1321 Majuba (1934 JH)","1321","","N","N",10.28,NA,NA,NA,NA,NA,NA,"30.8","",0.1439,5.207,NA,0.83,0.47,NA,"","",NA,NA,"JPL 20",2457400.5,57400,20160113,"J2000",0.169335238544793,2.94033003063027,2.44242854349308,9.50914020909977,317.727751997117,345.734567056342,14.9342668371714,3.43823151776746,0.195483431767423,2457324.10341384,20151028.6034138,1841.58829597544,5.04199396570961,1.42674,555.2444058,1.8224,3.231,4.6014e-08,1.7819e-08,1.4078e-07,5.0831e-06,3.2424e-05,3.6105e-05,1.8869e-05,2.0837e-08,1.777e-09,9.6245e-05,1.6741e-05,"MBA","Otto Matic",39295,"1908-03-25","2015-10-25",1282,NA,NA,"0",0.53593,NA,NA,NA,NA,NA,30752,"Valid","L5","370","Found",1999,40.6265,-118.41033,"(40.626500, -118.410330)"
"119","Marburg","a0256813",2256813,"256813 Marburg (2008 CW116)","256813","","N","N",16.2,NA,NA,NA,NA,NA,NA,"","",NA,NA,NA,NA,NA,NA,"","",NA,NA,"JPL 12",2457400.5,57400,20160113,"J2000",0.0276462782467182,2.71917605594688,2.64400095810236,8.0872344372876,100.186419718438,281.035402842814,44.0766807149062,2.7943511537914,0.219810322205657,2457199.97856737,20150626.4785674,1637.77568035763,4.48398543561295,1.65937,645.7770229,2.35091,3.344,6.1895e-08,3.2588e-08,1.7064e-07,6.894e-06,4.8687e-05,0.00014273,0.00013082,3.3489e-08,3.9515e-09,0.00059541,2.9442e-05,"MBA","Otto Matic",5225,"2001-10-11","2016-01-31",250,NA,NA,"0",0.62082,NA,NA,NA,NA,NA,15413,"Valid","Pallasite","3000","Found",1906,50.81667,8.76667,"(50.816670, 8.766670)"
"120","Marsland","a0018012",2018012," 18012 Marsland (1999 JM114)","18012","","N","N",14,NA,NA,NA,NA,NA,NA,"","",NA,NA,NA,NA,NA,NA,"","",NA,NA,"JPL 18",2457400.5,57400,20160113,"J2000",0.114487502755806,2.31871072713281,2.05324732637027,5.15611224432003,236.616960136166,345.987378363734,268.586598700941,2.58417412789534,0.279147804889829,2457727.97311531,20161205.4731153,1289.63937274047,3.53084017177406,1.04408,406.3246136,2.39628,3.565,4.9609e-08,1.2059e-08,1.1856e-07,4.9515e-06,5.3264e-05,5.7913e-05,2.4389e-05,1.344e-08,2.1777e-09,8.8398e-05,1.0061e-05,"MBA","Otto Matic",10228,"1988-03-10","2016-03-11",1514,NA,NA,"0",0.50454,NA,NA,NA,NA,NA,15434,"Valid","H5","6850","Found",1933,42.45,-103.3,"(42.450000, -103.300000)"
"121","Mercedes","a0001136",2001136,"  1136 Mercedes (1929 UA)","1136","","N","N",11.2,NA,NA,NA,NA,NA,NA,"25.28","",0.11,24.64,NA,NA,NA,NA,"","",NA,2.1,"JPL 25",2457400.5,57400,20160113,"J2000",0.255806827855647,2.56523267241244,1.90902863977095,8.98162163961179,209.535478323546,148.472470088035,27.7262474718573,3.22143670505392,0.239890986177437,2457284.9214703,20150919.4214703,1500.68164601118,4.1086424257664,0.91078,354.4482526,2.26593,3.369,4.2847e-08,8.2137e-09,1.1137e-07,6.1432e-06,2.1707e-05,2.4252e-05,8.675e-06,1.0315e-08,1.1522e-09,3.6246e-05,7.2076e-06,"MBA","Otto Matic",31038,"1931-03-10","2016-03-01",1972,NA,NA,"0",0.49125,NA,NA,NA,NA,NA,34496,"Valid","H5","3301","Found",1994,-34.66667,-59.33333,"(-34.666670, -59.333330)"
"122","Messina","a0001949",2001949,"  1949 Messina (1936 NE)","1949","","N","N",13.4,NA,NA,NA,NA,NA,NA,"","",NA,3.6491,NA,NA,NA,NA,"","",NA,NA,"JPL 17",2457400.5,57400,20160113,"J2000",0.228981631889258,2.38505677871632,1.83892258537732,4.65202962265167,265.156474946644,66.0606293471734,184.322724102885,2.93119097205532,0.267581442360782,2458057.03759225,20171030.5375922,1345.38478013961,3.68346277930078,0.832148,323.84703716,2.43859,3.495,4.2138e-08,9.716e-09,9.8449e-08,5.1848e-06,6.2144e-05,6.3465e-05,1.7168e-05,1.1941e-08,1.6351e-09,6.6596e-05,8.2211e-06,"MBA","Otto Matic",29107,"1936-07-08","2016-03-17",1421,NA,NA,"0",0.50893,NA,NA,NA,NA,NA,15495,"Valid","L5","2405","Fell",1955,38.18333,15.56667,"(38.183330, 15.566670)"
"123","Mihonoseki","a0009382",2009382,"  9382 Mihonoseki (1993 TK11)","9382","","N","N",14.6,NA,NA,NA,NA,NA,NA,"","",NA,NA,NA,NA,NA,NA,"","",NA,NA,"JPL 18",2457400.5,57400,20160113,"J2000",0.143020424494737,2.16262123350311,1.85332222666617,3.75245623034382,182.222763780511,208.770407468053,352.823592331051,2.47192024034006,0.309908422767527,2457423.65654284,20160205.1565428,1161.63348122374,3.18037914092741,0.857987,333.90280079,2.95578,3.679,5.9291e-08,1.1149e-08,1.3205e-07,5.9504e-06,6.6046e-05,6.804e-05,1.6505e-05,1.2743e-08,2.3964e-09,5.3288e-05,8.9826e-06,"MBA","Otto Matic",20923,"1958-10-09","2016-01-21",1074,NA,NA,"0",0.54859,NA,NA,NA,NA,NA,16635,"Valid","L6","6380","Fell",1992,35.56833,133.22,"(35.568330, 133.220000)"
"124","Miles","a0004119",2004119,"  4119 Miles (1983 BE)","4119","","N","N",11.7,NA,NA,NA,NA,NA,NA,"","",NA,NA,NA,NA,NA,NA,"","",NA,NA,"JPL 16",2457400.5,57400,20160113,"J2000",0.13000042663177,2.88354350484001,2.50868161899954,13.0048092438496,115.343096276395,77.7638228872436,196.389465424984,3.25840539068048,0.201286343977145,2458213.32481137,20180404.8248114,1788.4968889935,4.89663761531417,1.54873,602.7192541,1.86765,3.243,5.6918e-08,2.4021e-08,1.5756e-07,5.9497e-06,2.4619e-05,3.3226e-05,2.2945e-05,2.7143e-08,2.5152e-09,0.00011547,2.2348e-05,"MBA","Otto Matic",23537,"1951-09-01","2016-02-09",1230,NA,NA,"0",0.47256,NA,NA,NA,NA,NA,16641,"Valid","Iron, IIE","265000","Found",1992,-27.83333,150.33333,"(-27.833330, 150.333330)"
"125","Milton","a0004332",2004332,"  4332 Milton (1983 RC)","4332","","N","N",12.8,NA,NA,NA,NA,NA,NA,"11.54","",0.2306,3.2978,NA,NA,NA,NA,"Xe","",NA,0.6,"JPL 17",2457400.5,57400,20160113,"J2000",0.315090038966955,2.58465836077319,1.7702582571609,19.1691257505122,166.00170243924,198.448077289786,278.111522638109,3.39905846438548,0.237191627152364,2457745.74185506,20161223.2418551,1517.76015166315,4.15540082590868,0.772529,300.64511093,2.06423,3.277,5.8461e-08,1.4098e-08,1.5443e-07,6.9034e-06,1.3099e-05,1.4601e-05,6.9734e-06,1.854e-08,1.9406e-09,3.0971e-05,1.2418e-05,"MBA","Otto Matic",29831,"1933-09-16","2015-05-20",1190,NA,NA,"0",0.50214,NA,NA,NA,NA,NA,16691,"Valid","Pallasite, ungrouped","2040","Found",2000,40.2875,-95.37667,"(40.287500, -95.376670)"
"126","Minas Gerais","a0010769",2010769," 10769 Minas Gerais (1990 UJ5)","10769","","N","N",12.7,NA,NA,NA,NA,NA,NA,"","",NA,NA,NA,NA,NA,NA,"","",NA,NA,"JPL 15",2457400.5,57400,20160113,"J2000",0.0899255846527965,3.07288258300623,2.79655182016,9.49923066757539,174.674816673965,159.447624354413,298.838550580417,3.34921334585246,0.182972206383998,2457734.7663382,20161212.2663382,1967.51193590834,5.38675410241846,1.78748,695.6335916,2.05136,3.203,5.1839e-08,2.66e-08,1.6803e-07,5.9117e-06,2.877e-05,4.1541e-05,3.1429e-05,2.8992e-08,2.3758e-09,0.00017324,2.5548e-05,"MBA","Otto Matic",9036,"1990-10-16","2015-07-13",1247,NA,NA,"0",0.53402,NA,NA,NA,NA,NA,16693,"Valid","L6","1224","Found",1888,-18.5,-44,"(-18.500000, -44.000000)"
"127","Molina","a0009680",2009680,"  9680 Molina (3557 P-L)","9680","","N","N",14.6,NA,NA,NA,NA,NA,NA,"","",NA,NA,NA,NA,NA,NA,"","",NA,NA,"JPL 13",2457400.5,57400,20160113,"J2000",0.108353019066556,2.2708741326823,2.02481806448603,4.6568354213981,312.491177614566,150.290131750197,337.086253952529,2.51693020087857,0.288014583677562,2457480.0575896,20160401.5575896,1249.93670599343,3.42214019436941,1.04293,405.8770681,2.59653,3.6,4.8173e-08,1.0427e-08,1.112e-07,5.2945e-06,6.0239e-05,7.2415e-05,3.4367e-05,1.1557e-08,1.9836e-09,0.00011917,8.6087e-06,"MBA","Otto Matic",22814,"1953-10-01","2016-03-18",1141,NA,NA,"0",0.54376,NA,NA,NA,NA,NA,16715,"Valid","H5","144000","Fell",1858,38.11667,-1.16667,"(38.116670, -1.166670)"
"128","Monroe","a0003768",2003768,"  3768 Monroe (1937 RB)","3768","","N","N",11.6,NA,NA,NA,NA,NA,NA,"","",NA,NA,NA,NA,NA,NA,"","",NA,NA,"JPL 19",2457400.5,57400,20160113,"J2000",0.211204110498495,3.10241437871766,2.44717170946286,14.0005308953951,147.918489327416,222.39002958941,132.47693490177,3.75765704797246,0.180365872533107,2456666.00997125,20140108.5099713,1995.94299600065,5.46459410267118,1.46284,569.2934428,1.76124,3.142,6.2271e-08,2.0575e-08,1.9025e-07,7.5426e-06,2.114e-05,2.4864e-05,1.3485e-05,2.4921e-08,1.7943e-09,7.3891e-05,1.9856e-05,"MBA","Otto Matic",28682,"1937-09-07","2016-03-18",1310,NA,NA,"0",0.49098,NA,NA,NA,NA,NA,16720,"Valid","H4","8600","Fell",1849,35.25,-80.5,"(35.250000, -80.500000)"
"129","Morden","a0014502",2014502," 14502 Morden (1995 WB22)","14502","","N","N",15.8,NA,NA,NA,NA,NA,NA,"","",NA,NA,NA,NA,NA,NA,"","",NA,NA,"JPL 11",2457400.5,57400,20160113,"J2000",0.0901942536017104,2.23227409940117,2.03093580317125,5.14836801587842,95.3907114783624,39.9119832199517,306.621191212375,2.43361239563109,0.295517220613513,2457581.12842049,20160711.6284205,1218.20311944129,3.33525836944911,1.04831,407.9708027,2.59227,3.63,5.5827e-08,1.2082e-08,1.2858e-07,6.0844e-06,6.0453e-05,7.919e-05,4.6752e-05,1.3171e-08,2.3991e-09,0.00015813,9.8899e-06,"MBA","Otto Matic",7428,"1995-11-17","2016-03-19",638,NA,NA,"0",0.56188,NA,NA,NA,NA,NA,16743,"Valid","Iron, IAB?","2426","Found",1922,-30.5,142.33333,"(-30.500000, 142.333330)"
"130","Moriarty","a0005048",2005048,"  5048 Moriarty (1981 GC)","5048","","N","N",13.2,NA,NA,NA,NA,NA,NA,"","",NA,232.8914,NA,NA,NA,NA,"","",NA,NA,"JPL 17",2457400.5,57400,20160113,"J2000",0.171694222167321,2.62752679295578,2.17639562401544,1.3921698708697,301.672002272303,272.59101266,45.2845186680234,3.07865796189611,0.231410650977031,2457204.81100091,20150701.3110009,1555.6760178499,4.25920880999287,1.17001,455.3327917,1.89548,3.38,5.7702e-08,1.2916e-08,1.5099e-07,4.9712e-06,0.00022927,0.00022976,1.5087e-05,1.5134e-08,1.7063e-09,6.4991e-05,1.1471e-05,"MBA","Otto Matic",23486,"1951-03-10","2015-06-28",1455,NA,NA,"0",0.55388,NA,NA,NA,NA,NA,16744,"Valid","L","330","Found",1975,34.98333,-106.05,"(34.983330, -106.050000)"
"131","Morton","a0020106",2020106," 20106 Morton (1995 QG)","20106","","N","N",14.9,NA,NA,NA,NA,NA,NA,"","",NA,18.0434,NA,NA,NA,NA,"","",NA,NA,"JPL 12",2457400.5,57400,20160113,"J2000",0.161099506953697,2.64451054602536,2.21848120092682,13.3499779375628,323.136098737685,104.031842698021,222.437459321116,3.0705398911239,0.229184962546924,2458000.72498488,20170904.2249849,1570.78368493,4.30057134819985,1.27578,496.4953026,2.28995,3.337,6.5082e-08,2.1401e-08,1.7023e-07,1.1077e-05,3.535e-05,5.4134e-05,4.0637e-05,2.4849e-08,2.782e-09,0.00018051,1.9068e-05,"MBA","Otto Matic",8098,"1993-04-20","2015-06-22",431,NA,NA,"0",0.59894,NA,NA,NA,NA,NA,16753,"Valid","H6","6400","Found",1980,33.71667,-102.76667,"(33.716670, -102.766670)"
"132","Murray","a0000941",2000941,"   941 Murray (1920 HV)","941","","N","N",11.55,NA,NA,NA,NA,NA,NA,"","",NA,NA,NA,0.703,0.31,NA,"X","CX",NA,NA,"JPL 22",2457400.5,57400,20160113,"J2000",0.195569908435851,2.78387964897375,2.23943656092753,6.62467345929906,52.3240170386885,335.14877460795,179.597651844282,3.32832273701998,0.212191698730334,2456554.10660705,20130918.606607,1696.57909406489,4.64498040811741,1.24498,484.5088666,2.11929,3.294,5.3272e-08,1.1029e-08,1.4643e-07,5.6912e-06,4.4855e-05,4.661e-05,1.1932e-05,1.3186e-08,1.261e-09,5.5313e-05,1.0082e-05,"MBA","Otto Matic",34858,"1920-10-11","2016-03-19",1572,NA,NA,"0",0.4749,NA,NA,NA,NA,NA,16882,"Valid","CM2","12600","Fell",1950,36.6,-88.1,"(36.600000, -88.100000)"
"133","Nagai","a0033553",2033553," 33553 Nagai (1999 JQ17)","33553","","N","N",14.4,NA,NA,NA,NA,NA,NA,"","",NA,NA,NA,NA,NA,NA,"","",NA,NA,"JPL 14",2457400.5,57400,20160113,"J2000",0.079294888288787,2.56363783100513,2.36035445558267,6.84332989236214,125.796265169431,122.078472753998,16.248277635875,2.76692120642759,0.240114875587221,2457332.83123272,20151106.3312327,1499.28237107172,4.10481141977199,1.35339,526.6987863,2.26716,3.419,7.4123e-08,1.8451e-08,1.9638e-07,6.0988e-06,7.0561e-05,9.0395e-05,5.7106e-05,1.9914e-08,2.5922e-09,0.00023767,1.6186e-05,"MBA","Otto Matic",6371,"1998-01-08","2015-06-19",815,NA,NA,"0",0.54412,NA,NA,NA,NA,NA,16890,"Valid","L6","1810","Fell",1922,38.12167,140.06167,"(38.121670, 140.061670)"
"134","Nantong","a0003051",2003051,"  3051 Nantong (1974 YP)","3051","","N","N",12.4,NA,NA,NA,NA,NA,NA,"13.4","",0.0752,3.69,NA,NA,NA,NA,"","",NA,NA,"JPL 14",2457400.5,57400,20160113,"J2000",0.258006126349786,2.59324946336309,1.92417521466212,13.3569345351488,280.181615651701,93.4217600909094,359.388934946138,3.26232371206406,0.236013925773856,2457403.08910593,20160115.5891059,1525.333722659,4.17613613322108,0.977967,380.59541739,2.44252,3.334,8.0773e-08,2.0226e-08,2.1932e-07,7.5477e-06,3.0293e-05,3.4412e-05,1.4274e-05,2.5444e-08,2.7611e-09,6.0489e-05,1.7845e-05,"MBA","Otto Matic",22685,"1953-12-07","2016-01-16",921,NA,NA,"0",0.46108,NA,NA,NA,NA,NA,16907,"Valid","H6","529","Fell",1984,32.11667,121.8,"(32.116670, 121.800000)"
"135","Navajo","a0003688",2003688,"  3688 Navajo (1981 FD)","3688","","N","N",15.1,NA,NA,NA,NA,NA,NA,"","",NA,NA,NA,NA,NA,NA,"","",NA,NA,"JPL 13",2457400.5,57400,20160113,"J2000",0.478870941617023,3.22167129100858,1.67890652630277,2.55948680777323,19.9689338580345,137.896587768113,12.4856032512855,4.76443605571439,0.170444202367799,2457327.24668262,20151031.7466826,2112.12816275887,5.78269175293325,0.689436,268.30780812,0.240019,2.995,4.7769e-08,1.7335e-08,1.486e-07,5.8637e-06,0.00010478,0.00010542,8.4021e-06,2.5636e-08,1.3757e-09,4.8781e-05,1.7047e-05,"OMB","Otto Matic",12821,"1981-02-09","2016-03-18",839,NA,NA,"0",0.60148,NA,NA,NA,NA,NA,16926,"Valid","Iron, IIAB","2184000","Found",1921,35.33333,-109.5,"(35.333330, -109.500000)"
"136","Neagari","a0005356",2005356,"  5356 Neagari (1991 FF1)","5356","","N","N",12.4,NA,NA,NA,NA,NA,NA,"","",NA,NA,NA,NA,NA,NA,"","",NA,NA,"JPL 18",2457400.5,57400,20160113,"J2000",0.155831577528316,2.60907192636111,2.20249613219141,14.3108101871429,172.891214473133,267.10352559734,57.2104756410434,3.0156477205308,0.233870258770906,2457155.87515569,20150513.3751557,1539.31501120306,4.21441481506655,1.27114,494.6895538,2.3545,3.35,4.269e-08,1.5517e-08,1.1102e-07,6.4694e-06,1.886e-05,2.8302e-05,2.0285e-05,1.7935e-08,2.0864e-09,8.6522e-05,1.3732e-05,"MBA","Otto Matic",14418,"1976-09-25","2016-03-17",1301,NA,NA,"0",0.48992,NA,NA,NA,NA,NA,16934,"Valid","L6","420","Fell",1995,36.44917,136.46528,"(36.449170, 136.465280)"
"137","Ningbo","a0003543",2003543,"  3543 Ningbo (1964 VA3)","3543","","N","N",12,NA,NA,NA,NA,NA,NA,"","",NA,NA,NA,NA,NA,NA,"","",NA,NA,"JPL 21",2457400.5,57400,20160113,"J2000",0.170922836238512,3.17842594864838,2.63516037073132,1.04628931276506,162.803401520437,109.97151165503,133.241837423452,3.72169152656545,0.173934577837694,2456634.45428856,20131207.9542886,2069.74371902021,5.66664947028121,1.61762,629.5291754,1.38628,3.177,3.6625e-08,2.2459e-08,1.1356e-07,4.8162e-06,0.00022812,0.00022878,1.5929e-05,2.6298e-08,1.8435e-09,9.005e-05,2.1937e-05,"MBA","Otto Matic",23132,"1952-11-16","2016-03-17",1944,NA,NA,"0",0.4974,NA,NA,NA,NA,NA,16980,"Valid","Iron, IVA","14250","Fell",1975,29.86667,121.48333,"(29.866670, 121.483330)"
